3092 5000
683 373 903 428 Pracfatio.
1226 376 1351 440 XVIIII

201 568 452 654 intellegendum
481 572 540 634 est.
565 605 608 614 —
631 590 662 651 p.
693 570 734 633 87
762 570 785 634 1.
810 570 831 633 4
854 569 1000 634 forsitam
1029 569 1157 634 danihel
1180 606 1222 617 -
1249 590 1281 651 p.
1306 570 1347 632 07

176 676 221 742 ,1.
248 679 266 740 7
291 676 420 741 0100101
437 715 481 772 .'⁷
500 697 530 758 p.
555 678 596 740 87
621 676 643 742 1.
670 677 689 739 9
714 676 922 741 danihele-
945 697 976 758 p.
1002 677 1090 744 871.
1117 679 1157 741 10
1183 679 1350 742 00010000-

200 809 353 892 tiamque,
383 773 533 895 corrugati
563 809 757 894 (010011.)
787 847 831 856 -
857 831 889 892 p.
919 811 1005 876 871.
1034 812 1072 876 11
1106 811 1283 895 dilegcntcs
1307 845 1350 854 -

200 939 230 1000 p.
260 917 301 981 87
331 917 353 984 1.
385 920 425 981 12
453 917 577 1000 profeta
604 953 647 962 —
675 938 706 1000 p.
737 917 778 980 87
806 919 829 984 l.
860 919 900 982 15
923 917 1049 999 lapedei
1073 955 1115 964 -
1138 940 1169 1000 p.
1195 919 1236 981 87
1260 918 1282 980 1.
1309 918 1348 980 17

200 1024 362 1089 100100010
390 1063 432 1071 -
461 1046 491 1108 p.
523 1027 563 1089 87
589 1027 609 1089 l.
636 1026 675 1088 21
707 1027 829 1107 partem
852 1061 896 1070 -
920 1046 950 1108 p.
975 1027 1064 1092 901.
1090 1027 1131 1088 16
1150 1009 1242 1089 iudei
1265 1043 1351 1086 -a

202 1133 421 1196 001000100001
444 1170 488 1178 -
510 1153 541 1214 p.
572 1135 613 1197 90
642 1134 664 1196 1.
695 1134 736 1197 18
766 1133 970 1197 abscondetis
994 1169 1036 1180 -
1060 1152 1091 1215 p.
1121 1134 1163 1196 90
1191 1134 1213 1195 1.
1240 1131 1350 1195 1010-

201 1237 357 1302 munditia
373 1257 431 1302 sua
450 1240 622 1305 saturatos.
638 1277 682 1286 -—
696 1259 727 1321 p.
749 1241 791 1303 90
810 1240 832 1304 l.
853 1241 895 1302 20
913 1236 1122 1326 impietatem]
1138 1239 1293 1322 pietatem
1306 1275 1349 1283 -

201 1365 231 1428 p.
252 1346 294 1408 90
315 1347 357 1408 22
381 1348 409 1408 01
433 1347 476 1409 24
501 1349 750 1430 eructuat--p
776 1347 859 1411 901.
880 1346 922 1410 25
947 1345 1184 1427 scientia-p.
1204 1346 1287 1410 901.
1308 1346 1350 1410 20

201 1451 304 1516 100010
330 1489 367 1498 -
393 1448 567 1520 infundillll
591 1449 663 1538 (010)
686 1489 731 1500 -
753 1473 785 1536 p.
810 1454 850 1516 01
875 1453 898 1517 l.
924 1455 940 1516 1
968 1454 1099 1516 eructua
1121 1452 1255 1516 uerbum
1279 1449 1349 1537 (sie)

202 1596 243 1604 —
266 1580 297 1641 p.
324 1560 363 1622 91
394 1560 416 1624 1.
446 1561 466 1622 4
494 1559 650 1623 10000100
680 1556 789 1644 (prins
812 1578 829 1622 0
852 1562 897 1622 est
924 1556 1061 1643 0100001)
1085 1596 1129 1604 -
1151 1580 1182 1641 p.
1212 1559 1252 1622 91
1282 1558 1349 1624 10

202 1665 333 1730 bacculo
357 1703 401 1712 -
424 1686 455 1748 p.
480 1668 519 1729 01
546 1668 568 1733 l.
595 1669 613 1731 7
639 1665 702 1730 0101
725 1669 770 1731 est
792 1667 940 1729 00110000
963 1703 1007 1710 -
1030 1687 1060 1748 p.
1086 1666 1126 1728 01
1152 1666 1174 1729 1.
1201 1667 1241 1729 10
1266 1663 1351 1729 01001
1385 1661 1387 1664 ⁴

202 1791 258 1836 noc
282 1772 320 1836 de
343 1773 450 1838 bubus
475 1792 583 1837 curam
605 1793 669 1838 non
692 1809 735 1820 -—
758 1794 789 1856 p.
815 1774 854 1837 91
880 1773 902 1836 l.
929 1775 969 1837 15
999 1771 1231 1855 accipiendum]
1257 1771 1350 1835 iutel-

201 1879 371 1959 legondum
400 1918 443 1925 —
471 1901 501 1962 p.
532 1881 571 1944 91
602 1882 624 1946 l.
655 1883 695 1944 10
724 1880 908 1964 refrigerem
938 1878 1006 1960 (sed
1034 1900 1064 1942 m
1093 1877 1270 1948 conlocate
1293 1877 1350 1960 1001

199 1987 309 2068 potest)
332 2023 376 2033 -
399 1986 532 2051 habeam
557 2025 600 2034 —
623 2007 654 2069 p.
680 1989 719 2051 91
745 1986 766 2052 l.
794 1988 835 2051 18
864 1987 1099 2050 manufestatur
1126 1985 1160 2071 (u
1187 2005 1251 2048 000
1279 1984 1351 2047 bene

203 2091 339 2174 00000001
359 2092 476 2179 potest)
500 2131 544 2142 -
566 2115 598 2176 p.
624 2095 662 2157 91
689 2093 712 2160 l.
738 2095 779 2158 19
807 2093 903 2157 uerba
931 2092 1006 2175 quia
1029 2092 1153 2156 aduena
1176 2129 1219 2138 —-
1242 2095 1349 2173 patras

202 2198 274 2276 mei,
298 2219 377 2282 0000
400 2199 511 2263 desunt
532 2189 568 2263 10
588 2197 692 2280 PAV,
714 2204 842 2264 0000010
864 2204 946 2276 sunt,
966 2199 1021 2263 ced
1037 2200 1154 2263 iuuene
1176 2201 1350 2272 exoratum,

201 2301 296 2382 101000
317 2305 445 2368 uidetur
467 2343 511 2354 -
533 2303 665 2369 Broudt
687 2305 783 2389 100010
800 2305 862 2370 sibi
879 2306 968 2368 01000
986 2309 1032 2369 est
1049 2304 1123 2367 baec
1140 2303 1252 2367 uerbo:
1277 2303 1350 2385 quia

204 2409 324 2475 aduena
356 2431 429 2476 sum
461 2415 538 2494 aput
570 2416 602 2476 te
630 2413 662 2477 10
690 2417 773 2477 terra
801 2415 834 2477 et
859 2412 1056 2496 peregrinus,
1083 2410 1139 2474 sed
1164 2409 1291 2473 0000100
1317 2411 1351 2473 10

203 2518 284 2581 10110
306 2519 484 2583 sestercio
507 2520 607 2583 codiee
623 2540 688 2600 pro
710 2523 790 2583 certo
813 2520 913 2583 dicere
936 2538 999 2582 000
1023 2518 1126 2585 audet.
1150 2555 1194 2563 —

247 2660 348 2745 Supra
366 2661 428 2725 diri
444 2662 596 2739 codicem,
613 2680 724 2744 eiquo
740 2661 819 2725 11000
835 2660 896 2724 000
911 2660 988 2725 10110
1001 2661 1167 2736 fluxerunt,
1183 2656 1254 2721 AV
1264 2678 1350 2740 prac-

204 2768 325 2833 stitisse
355 2770 387 2833 et
413 2788 475 2833 uno
503 2770 575 2833 1000
604 2769 658 2832 001
681 2766 714 2831 P
735 2768 847 2833 codici.
879 2768 964 2851 quod
987 2770 1095 2831 autem
1119 2766 1159 2830 ad
1181 2766 1259 2829 folia
1281 2766 1351 2847 ipsa

203 2874 348 2957 pertinet,
378 2894 415 2939 aa
441 2875 527 2941 iusto
555 2875 780 2959 neglegentius
810 2875 929 2958 scripta
957 2894 1028 2939 esse
1052 2894 1069 2939 e
1092 2874 1247 2938 uarietate
1276 2872 1351 2938 scri-

202 2983 366 3063 pturarum
394 3001 490 3063 supra
516 2982 681 3065 proposita
709 2983 936 3047 concludamus
964 3001 1095 3046 necasse
1123 2984 1182 3045 ost.
1215 2980 1350 3044 fortasse

203 3106 238 3150 ex
254 3087 352 3151 simili
371 3089 458 3153 fonte
478 3088 642 3154 deriuatus
663 3092 713 3153 est
732 3091 829 3154 codex
844 3088 1061 3173 sangallensis
1081 3108 1111 3151 0.
1132 3089 1196 3151 225
1216 3106 1242 3151 0.
1262 3085 1349 3163 VIII,

204 3194 240 3257 dc
265 3212 326 3276 quo
350 3194 414 3259 iam
438 3214 541 3259 sermo
565 3196 629 3259 1011
651 3217 681 3278 p.
701 3195 769 3262 XV.
790 3196 867 3262 hacc
886 3198 1064 3278 fragmenta
1085 3214 1193 3277 parua,
1215 3212 1294 3275 0000
1318 3192 1350 3255 10

203 3303 387 3382 0000101001
410 3321 472 3366 000
496 3302 684 3385 recepimus
710 3303 786 3386 0010
810 3302 849 3366 00
873 3303 998 3367 0001000
1025 3304 1111 3366 10010
1136 3298 1349 3364 aestimandos

203 3425 373 3489 eorumque
407 3409 629 3491 cognationem
661 3410 777 3474 melius
809 3408 1061 3492 perspiciendam
1092 3406 1258 3491 permagni
1286 3404 1351 3470 sint

201 3515 364 3591 momenti,
391 3515 533 3579 dubitare
557 3516 631 3580 noli.

244 3655 295 3719 Ad
318 3658 454 3721 alterum
481 3657 599 3721 librum
628 3657 861 3723 emendandum
885 3656 981 3721 etiam
1006 3655 1187 3721 codicem
1221 3653 1348 3717 Pario.

202 3763 288 3827 9380
312 3782 337 3827 0.
362 3763 501 3842 71111111
528 3764 891 3841 membranaceum,
920 3764 976 3846 001
1003 3755 1145 3839 bibliam,
1176 3780 1272 3843 quam
1295 3778 1350 3823 uo·

203 3872 276 3933 cant
307 3870 517 3953 Theodulphi,
552 3871 703 3949 continet,
737 3871 878 3936 adhibui.
913 3871 1055 3935 conferas
1093 3887 1225 3951 quaeso,
1265 3866 1351 3949 quod

203 3976 240 4040 de
277 3977 338 4041 hoo
374 3978 454 4042 libro
498 3978 676 4060 disputauit
718 3977 815 4043 Sam.
860 3979 1012 4061 Berger
1052 3977 1085 4040 10
1126 3975 1278 4058 ,Histoire
1311 3973 1350 4038 de

200 4085 233 4147 la
268 4083 416 4167 Vulgata.
454 4083 543 4149 Paris
585 4085 685 4148 1893’·
719 4106 750 4167 p.
790 4086 976 4162 149—170,
1008 4084 1041 4147 in
1075 4083 1165 4148 ouius
1202 4082 1263 4145 fine
1300 4080 1349 4143 ln-

202 4190 413 4254 struotiouum
448 4190 530 4254 liber
561 4190 719 4255 secundus
756 4191 877 4275 legitur
903 4192 997 4256 ualde
1026 4192 1194 4272 corruptus
1223 4188 1351 4271 plenus·

202 4314 263 4376 que
294 4296 585 4378 interpolationum.
618 4297 651 4361 10
685 4297 841 4378 scriptura
867 4297 1033 4361 nominum
1054 4296 1253 4379 propriorum
1278 4310 1349 4356 con-
