3092 5000
642 342 917 411 epistularum.
1286 347 1349 409 199

206 546 236 600 et
258 541 400 611 conditor,
422 541 498 615 quia,
520 542 598 614 quod
620 557 705 599 nemo
730 540 772 599 sic
795 540 891 615 potuit
914 539 1055 612 inuenire,
1074 540 1175 615 utique
1200 542 1242 600 sic
1266 559 1349 600 nemo

203 632 314 689 laudat.
339 631 390 689 sed
414 631 482 688 dum
504 631 576 688 haec
599 630 706 688 tacitus
729 648 841 688 mecum
866 630 995 701 reuolue,
1021 630 1147 688 occurrit
1174 631 1244 689 mihi
1273 632 1349 704 quod

203 720 236 778 in
262 719 447 779 bibliothecis
475 719 598 778 studiosi
625 719 814 778 saecularium
843 720 1004 778 litterarum
1032 737 1104 793 puer
1132 721 1289 793 quondam,
1318 723 1351 778 ut

204 828 235 868 se
258 809 363 868 aetatis
386 808 464 867 illius
487 807 641 868 curiositas
663 809 762 881 habet,
786 809 997 883 praetereundo
1021 809 1167 884 legissem.
1192 827 1259 868 nam
1284 827 1348 867 cum

171 906 186 944 ⁵
204 916 291 972 supra
308 900 484 956 memoratae
503 898 584 957 aedis
604 897 754 957 ordinator
772 916 806 957 ac
822 899 955 957 dominus
975 898 1051 956 inter
1070 916 1221 971 expressas
1239 897 1349 973 lapillis

204 990 254 1045 aut
277 989 350 1046 ceris
374 987 567 1059 discoloribus
589 987 787 1061 formatosque
812 988 924 1062 effigies
946 987 993 1046 ael
1019 990 1165 1046 oratorum
1189 988 1235 1047 nel
1260 988 1347 1045 etiam

202 1080 351 1150 poetarum
375 1077 515 1151 specialia
537 1077 718 1150 singulorum
746 1076 893 1151 auiotypis
918 1077 1127 1151 epigrammata
1159 1076 1346 1148 subdidisset,

202 1166 252 1224 ubi
275 1167 312 1224 ad
336 1166 528 1239 praeiudicati
552 1166 660 1239 eloquii
683 1166 764 1224 uenit
787 1170 913 1239 poetam,
937 1167 993 1224 hoc
1017 1167 1102 1225 modo
1128 1184 1212 1225 orsus
1238 1168 1295 1225 cst:

332 1255 487 1328 Virgilium
509 1259 605 1314 uatem
629 1255 732 1313 melius
755 1273 809 1313 sua
833 1256 962 1314 carmina
984 1256 1116 1325 laudant,

161 1360 186 1397 ro
331 1344 361 1401 in
384 1344 460 1402 freta
483 1344 550 1402 dum
572 1345 653 1403 fluuii
678 1348 804 1415 current,
830 1346 898 1403 dum
921 1346 1068 1403 montibus
1092 1345 1212 1403 umbrae

330 1434 497 1491 lustrabunt
521 1451 660 1505 connexa,
684 1434 769 1508 polus
794 1436 862 1493 dum
886 1434 982 1493 sidera
1005 1438 1116 1509 pascet,

331 1540 446 1596 semper
467 1523 572 1593 honor,
596 1540 759 1596 nomenque
783 1527 865 1581 tuum
887 1524 1048 1597 laudesque
1071 1523 1241 1583 manebunt.

205 1612 234 1668 et
255 1628 332 1683 nere,
358 1612 512 1669 dummodo
533 1611 713 1670 orationibus
732 1612 791 1669 tuis
810 1614 894 1686 culpa
914 1630 1037 1683 caream,
1059 1614 1137 1687 quod
1155 1612 1232 1670 inter
1250 1628 1349 1669 sacros

204 1700 301 1772 apices
328 1700 673 1774 commemorationesque
701 1703 867 1759 sanctorum
895 1702 1085 1759 mundialium
1110 1720 1127 1759 a
1150 1719 1195 1759 me
1224 1701 1315 1775 script
1336 1734 1349 1745 -

158 1804 185 1842 15
204 1806 296 1847 rarum
315 1790 487 1863 promuntur
509 1789 649 1863 exempla,
669 1790 771 1848 merito
795 1790 867 1849 mihi
891 1791 1039 1849 dominum
1057 1791 1230 1848 Eucherium
1254 1791 1349 1848 monte

203 1878 342 1937 recolenti
364 1881 552 1937 memoratum
575 1879 605 1937 in
628 1879 799 1938 memoriam
825 1896 897 1953 opus
922 1880 1054 1938 recurrit.
1083 1896 1149 1937 nam
1175 1880 1240 1937 dum
1266 1881 1351 1937 erunt

203 1968 334 2041 superius
363 1968 572 2042 conprehensa,
603 1969 729 2027 omnium
759 1968 987 2027 Christianorum
1016 1985 1065 2027 ore
1094 1971 1123 2025 et
1151 1984 1247 2025 amora
1272 1969 1348 2027 cele·

202 2056 324 2116 brabero
350 2057 565 2132 praedicandus
592 2058 623 2115 in
650 2061 809 2132 posterum,
835 2059 903 2116 dum
931 2058 1018 2117 doces
1046 2060 1191 2131 posteros
1223 2074 1273 2115 ora
1295 2074 1348 2131 pro

204 2163 257 2216 me,
283 2147 398 2205 domine
421 2164 489 2205 uere
512 2151 612 2206 sancte
636 2150 723 2221 atque
746 2147 838 2206 amice
863 2148 908 2205 dei
934 2146 1056 2205 etmihi
1080 2147 1110 2204 in
1131 2145 1245 2204 Christo
1271 2146 1349 2204 omni

159 2248 186 2286 ao
205 2235 282 2292 cultu
306 2236 490 2310 suscipiende
514 2240 606 2311 pater.

1306 2366 1313 2391 θ

239 2419 396 2492 2taflitum
416 2439 521 2476 mecum
540 2422 650 2476 reuolbo
723 2423 790 2493 quid
859 2420 1061 2476 3bibliotheoa
1080 2419 1246 2475 Sirmoadccs
1316 2422 1349 2472 ut

203 2492 331 2547 emmaum
349 2501 387 2547 eol
476 2494 710 2565 ipraetereunda
801 2494 912 2550 5inter
930 2494 1058 2548 omissum
1077 2499 1117 2547 eet
1206 2508 1348 2561 expraessa

204 2564 339 2618 deificies
394 2566 510 2619 alterum
528 2567 574 2621 uel
592 2568 720 2621 omissum
739 2573 779 2621 est
833 2566 1014 2636 laespecilia
1078 2564 1212 2634 autotipis
1285 2563 1347 2616 sub·

204 2634 324 2689 didissed
395 2636 551 2706 8aeloquii
623 2655 701 2691 ursus
758 2639 791 2692 10
810 2641 868 2692 tum
941 2637 1048 2690 fluuinii
1068 2637 1127 2703 (eie)
1186 2636 1218 2688 13
1237 2635 1348 2702 scribet:

204 2723 315 2769 caream,
336 2707 419 2762 codes
437 2713 534 2774 careat,
550 2708 728 2763 §irruendum
745 2727 800 2762 uon
814 2711 909 2763 teneat
945 2711 978 2762 15
992 2724 1047 2777 pro
1066 2710 1227 2776 promuntur
1238 2705 1349 2774 scripsit

203 2777 380 2832 Sirmondae:
398 2784 536 2849 ponuntur
608 2781 736 2834 domnum
793 2782 825 2833 l'l
845 2780 1023 2835 celebraberis
1043 2779 1223 2834 Sirmondus:
