3092 5000
271 352 334 415 178
567 347 594 400 S.
621 345 809 401 Eucherii
838 342 1116 414 Lugdunensis

270 563 345 608 oum
368 543 417 608 illi
439 542 527 607 iusto
550 540 720 625 praeponis
749 538 902 617 examine,
931 537 1116 621 adprobanti
1143 538 1276 623 diligere
1300 540 1332 603 te
1354 558 1415 603 non

268 651 362 716 illum
384 668 507 732 parum,
532 647 589 713 sed
611 648 693 711 hano
717 647 856 729 amplius
880 644 1012 727 aliquid.
1050 645 1221 710 ostendisti
1244 645 1342 711 etiam
1361 645 1415 709 ille

268 758 301 821 in
328 760 361 820 te
389 754 505 820 secreti
532 773 621 819 amor
648 771 744 835 quem
771 770 907 835 magnus
936 754 1032 829 esset,
1056 750 1108 814 oui
1136 748 1233 814 etiam
1259 751 1416 815 maximus

270 863 406 928 eederet.
443 862 499 944 qui
522 859 653 943 quidem
675 858 800 923 heremi
821 876 921 936 amor,
945 856 1022 940 quid
1044 856 1076 921 in
1100 860 1132 920 te
1160 856 1222 921 nisi
1250 858 1302 922 dei
1330 876 1418 923 emor

269 968 478 1054 appellandus
507 969 582 1032 est?
621 964 759 1031 semusti
788 984 863 1049 ergo
893 964 1035 1029 caritatis
1065 964 1207 1029 ordinem
1233 966 1306 1049 lege
1329 985 1417 1051 prae·
1445 990 1457 1027 ⁵

269 1076 426 1157 seriptum
448 1074 549 1157 primo
574 1072 670 1137 deum
693 1075 788 1136 tuum
812 1070 881 1136 erin
905 1070 1084 1155 proximum
1108 1069 1281 1155 diligende.

314 1184 346 1249 2.
380 1180 482 1260 Quem
510 1183 616 1244 tamen
641 1197 700 1262 ego
725 1179 794 1243 sola
816 1177 979 1264 profectus
1002 1176 1052 1241 tui
1086 1178 1356 1259 contemplatione
1381 1182 1418 1243 ut
1536 1190 1537 1195 ’

269 1290 373 1355 animo
393 1286 515 1353 eonieio
535 1305 595 1350 neo
614 1286 821 1351 aduersatnm
839 1283 946 1348 itineri
966 1284 1163 1366 consilioque
1181 1287 1238 1349 tuo
1259 1284 1415 1362 existimo,

270 1396 327 1461 sed
349 1394 504 1459 inusitato
527 1393 610 1457 inter
633 1392 799 1457 deuinetas
824 1390 886 1455 sibi
908 1409 1059 1473 personas
1083 1391 1177 1457 modo
1202 1389 1361 1457 dimittere
1384 1394 1415 1456 te

267 1502 335 1580 ille,
363 1503 401 1566 nt
426 1502 517 1583 pulo,
541 1518 603 1565 non
636 1499 744 1563 minus
777 1498 883 1564 uoluit
914 1516 1008 1581 quam
1036 1500 1072 1562 tu
1102 1496 1274 1563 discedere.
1312 1496 1455 1584 diligito

269 1609 355 1673 enim
378 1612 411 1673 et
433 1608 489 1671 ille
511 1610 545 1671 te
568 1605 709 1671 multum
732 1604 890 1681 uicissim,
918 1605 952 1669 in
981 1622 1085 1671 amore
1113 1607 1220 1669 tamen
1247 1608 1303 1670 tuo
1333 1625 1414 1671 oom-

268 1716 399 1782 modum
421 1718 515 1779 tuum
539 1712 689 1792 consulit,
714 1730 851 1794 eumque
875 1710 1128 1776 adfluentissima
1151 1712 1220 1777 eius
1240 1717 1273 1777 et
1290 1732 1414 1779 summa

266 1824 301 1888 in
332 1826 365 1888 te
399 1822 443 1887 sit
475 1819 602 1898 caritas,
634 1818 803 1903 fastigium
840 1821 947 1883 tamen
985 1818 1075 1883 illius
1107 1818 1211 1883 tendit
1241 1838 1345 1902 usque
1377 1819 1414 1883 ad
1536 1906 1537 1911 ἵ

268 1931 453 1995 utilitatem.
1536 1940 1537 1947 ¹

312 2038 345 2101 3.
376 2035 419 2101 Et
445 2038 482 2098 tu
509 2034 588 2099 lieet
615 2051 743 2098 omnem
769 2031 957 2097 iamdudum
986 2051 1117 2097 oensum
1140 2031 1172 2096 in
1198 2032 1319 2098 Christi
1340 2052 1454 2114 pau-15

266 2162 359 2225 peres
388 2141 515 2207 Christo
550 2140 642 2206 dines
674 2138 836 2217 effuderis,
869 2142 938 2203 tum
967 2142 1000 2204 et
1026 2139 1185 2222 praeferas
1217 2139 1296 2204 lieet
1327 2140 1414 2203 annis

266 2250 419 2313 iuuenem
450 2247 594 2313 moribus
628 2265 747 2324 senem,
781 2246 827 2311 sis
861 2246 956 2310 etiam
994 2245 1122 2330 ingenio
1159 2245 1275 2325 eleros,
1313 2246 1414 2311 elanus

268 2355 406 2437 eloquio,
435 2353 516 2418 nihil
543 2354 576 2418 in
605 2356 638 2419 te
669 2357 776 2417 tamen
809 2353 945 2435 primore
977 2351 1049 2418 loeo
1082 2353 1186 2437 magis
1219 2353 1414 2435 suspexerim

268 2459 505 2543 dilexerimque,
539 2479 633 2544 quam
667 2460 753 2544 quod
786 2459 969 2526 solitudinis
1002 2459 1112 2526 sedem
1145 2459 1192 2526 sio
1225 2460 1413 2544 eonoupisti.

266 2568 351 2634 unde
379 2568 454 2650 quia
480 2588 532 2632 me
559 2568 749 2650 respondere
778 2568 939 2651 copiosius
968 2568 1215 2650 spatiosissimis
1244 2587 1280 2632 ae
1308 2568 1413 2633 saeun-
1430 2587 1453 2624 a
1535 2611 1536 2654 p

268 2673 411 2740 dissimis
434 2673 552 2738 litteris
576 2673 642 2739 tuis
662 2692 756 2757 saepe
774 2674 932 2756 postulas,
952 2675 1084 2740 sufferas
1103 2674 1266 2757 paulisper
1283 2693 1413 2740 neeesse

268 2785 426 2861 osteum
451 2780 496 2845 sis
521 2781 659 2864 sapiens.
682 2781 903 2864 insipientiam
925 2800 1040 2860 meam,
1070 2782 1147 2846 dum
1173 2781 1279 2846 reoolo
1308 2778 1415 2844 multi-

267 2887 394 2954 modam
418 2885 539 2951 domini
568 2886 701 2970 gratiam
731 2906 807 2970 erga
833 2886 914 2951 hene
942 2886 1045 2969 ipsam
1073 2886 1236 2951 heremum
1265 2885 1415 2950 dilectam

265 2997 366 3060 tuam.

205 3134 209 3139 =
311 3101 487 3166 Heremum
511 3119 586 3184 orgo
610 3102 696 3165 reete
718 3099 1032 3184 incircumscriptum
1056 3100 1107 3165 dei
1130 3099 1230 3164 nostri
1257 3101 1413 3181 templum
1431 3118 1452 3156 a

267 3207 418 3284 dixerim3
443 3206 562 3272 etenim
585 3226 680 3290 quem
704 3210 827 3272 eertum
851 3211 901 3272 est
923 3207 1067 3273 habitare
1085 3207 1118 3271 in
1137 3206 1267 3272 silentio
1287 3206 1414 3271 ereden-

267 3313 345 3378 dum
369 3317 420 3378 est
441 3313 580 3397 gaudere
604 3315 738 3380 secreto.
776 3313 905 3396 saepius
934 3333 969 3380 se
996 3313 1064 3378 illio
1090 3312 1266 3379 uidendum
1295 3313 1414 3377 sanctis

269 3419 337 3485 suis
360 3419 510 3503 praebuit
534 3422 565 3484 et
589 3419 779 3485 conciliante
807 3421 878 3486 loeo
907 3439 1115 3504 congressum
1143 3438 1204 3484 non
1234 3420 1285 3484 est
1312 3438 1415 3502 aspar·
1534 3419 1535 3430 ’

267 3529 362 3590 natus
391 3525 578 3592 humanum.
614 3525 647 3590 in
675 3527 802 3593 deserto
832 3527 948 3613 quippe
976 3527 1085 3592 Moses
1115 3525 1291 3610 glorifieato
1320 3527 1413 3590 uultu

266 3631 362 3696 deum
395 3632 563 3715 conspicit,
595 3631 628 3696 in
656 3631 782 3699 deserto
806 3632 918 3698 Helias
945 3635 1074 3699 uultum
1102 3652 1233 3716 pauens,
1257 3651 1296 3698 ne
1322 3631 1413 3696 deum
1429 3653 1452 3693 ao

356 3874 391 3928 29
410 3873 515 3943 (11ιὸ)
572 3873 825 3945 eopnneg.18‚
847 3875 892 3943 13)

302 3995 457 4050 aunan
524 3995 699 4050 6dominum
717 3997 752 4052 H
817 3998 1024 4052 lut-conicio
1042 3998 1142 4054 om.H
1193 3997 1289 4068 8neo]
1311 4015 1364 4052 non
1382 3997 1414 4052 H
1521 3955 1524 3970 ·

266 4083 472 4139 9deniotesH
520 4085 552 4140 ll
572 4087 601 4139 te
614 4088 642 4139 et
655 4085 704 4140 ille
715 4085 775 4140 EF
822 4088 856 4143 18
874 4087 1003 4158 primeR
1020 4087 1195 4158 primioreH
1243 4087 1276 4141 le
1289 4086 1411 4141 dixerim
1533 4081 1534 4136 l

268 4188 320 4241 que
338 4172 372 4226 Η
418 4172 454 4228 20
473 4173 590 4243 copiosis
606 4173 636 4230 R
684 4175 719 4229 22
737 4176 776 4230 sis
794 4176 852 4244 ipse
866 4176 901 4230 H
952 4176 987 4230 28
1006 4175 1214 4230 consilianteH
1260 4176 1295 4230 29
1309 4189 1410 4245 moyses

267 4261 320 4329 (eie
336 4266 451 4330 seraper)
470 4261 587 4317 EFHR
660 4262 740 4318 deum
758 4263 839 4320 uultu
857 4265 891 4320 H
942 4266 978 4322 30
996 4265 1091 4337 helyas
1109 4265 1169 4320 HR
