3092 5000
189 374 253 437 192
492 371 518 424 S.
547 370 1040 441 Eucherii.Lugdunensis

186 566 292 631 lilium
311 566 506 631 conuallium
524 566 672 649 refulget.
695 569 857 647 postremo
882 565 944 629 alia
961 565 1111 649 pretiosis
1131 569 1164 629 et
1182 567 1340 649 speciosis

188 673 331 738 exultans
355 672 507 750 metallis,
531 672 595 736 alia
617 691 694 738 uero
718 692 795 738 auro
820 692 878 737 suo
902 672 992 736 fulua
1015 674 1090 737 est?
1118 672 1151 737 in
1174 672 1233 737 hac
1254 673 1339 738 uarii

186 779 329 862 lepidum
352 780 474 845 micant
496 780 642 844 uibrante
664 781 737 844 luce
760 779 914 863 fulgores.
939 779 984 842 ita
1001 782 1085 843 terra
1104 778 1182 845 haec
1201 778 1338 863 singulis

185 887 279 952 torris
302 886 403 951 maior
424 886 466 949 ad
488 886 615 968 singula
639 905 749 952 omnes
772 885 934 969 praecedit
956 884 1048 951 bonis
1073 886 1231 951 omnibus.

231 996 285 1058 41.
321 994 420 1059 Recte
453 1012 529 1077 ergo
562 996 609 1069 tu,
642 991 823 1057 ueneranda
854 993 963 1069 tellus,
997 992 1117 1058 sanctis
1152 996 1207 1057 aut
1238 993 1269 1056 in
1301 996 1337 1057 te
1373 1016 1390 1056 5

186 1102 301 1185 positis
329 1104 475 1165 autnon
502 1101 614 1181 procul
642 1119 661 1163 a
688 1103 721 1165 te
748 1101 880 1165 remotis
914 1103 970 1165 aut
1001 1100 1185 1167 habitabilis
1214 1100 1351 1165 dudum*

187 1210 243 1272 aut
274 1206 495 1271 desiderabilis
528 1205 672 1283 extitisti,
706 1206 781 1288 quia
813 1225 869 1290 pro
897 1206 1057 1272 uniuersis
1085 1206 1177 1271 honis
1205 1206 1271 1271 illis
1300 1225 1336 1271 es

185 1314 313 1389 fertilis,
343 1313 376 1376 in
410 1332 473 1395 qua
504 1312 663 1376 habentur
694 1311 853 1377 uniuersa.
896 1316 932 1376 tu
969 1313 1125 1377 cultorem
1162 1312 1247 1376 hunc
1280 1311 1337 1395 qui

185 1440 275 1486 seram
305 1424 432 1496 terram,
460 1438 522 1483 non
551 1419 606 1501 qui
633 1418 723 1482 tuam
752 1419 884 1495 excolat,
912 1418 1058 1501 requiris,
1094 1421 1131 1483 tu
1158 1418 1336 1483 inhabitan-

185 1527 266 1591 tium
290 1529 323 1591 te
346 1526 436 1590 uitiis
461 1525 590 1602 sterilis,
614 1527 649 1589 tu
668 1525 805 1590 fecunda
823 1526 1009 1591 uirtutibus.
1032 1528 1121 1591 tuam
1142 1525 1335 1607 quicumque
1358 1550 1386 1588 ιο

183 1632 434 1697 familiaritatem
458 1631 628 1715 quaesiuit,
650 1631 747 1696 deum
770 1632 919 1715 repperit,
945 1631 1108 1698 Christum
1135 1632 1167 1696 in
1186 1634 1229 1709 te,
1248 1632 1334 1715 quis·

183 1738 255 1821 quis
278 1742 311 1804 te
334 1739 445 1816 coluit,
469 1739 603 1803 inuenit.
626 1738 695 1820 ipse
720 1739 775 1821 qui
798 1742 830 1803 te
853 1740 987 1819 habitat,
1007 1740 1135 1805 domino
1154 1739 1333 1803 habitatore

182 1847 329 1910 laetatur.
366 1845 516 1934 idemque
539 1848 590 1909 est
613 1848 645 1909 et
666 1864 835 1927 possessor
857 1849 935 1911 tuus
964 1848 997 1911 et
1023 1846 1132 1911 diuina
1159 1843 1333 1928 possessio.

186 1956 279 2015 tuum
304 1952 443 2034 quinon
471 1951 591 2035 refugit
617 1951 847 2031 habitaculum,
877 1951 980 2017 factus
1009 1955 1058 2017 est
1086 1951 1137 2017 dei
1163 1950 1332 2034 templum.

229 2060 283 2122 42.
307 2058 464 2141 Equidem
483 2058 607 2123 cunctis
625 2056 746 2122 heremi
762 2059 843 2123 locis
862 2076 942 2140 quae
961 2058 1085 2140 piorum
1103 2057 1335 2123 inluminantur
1355 2082 1381 2121 u

185 2148 324 2243 secessu,
352 2164 564 2229 reuerentiam
591 2164 701 2241 debeo,
729 2165 901 2247 praecipuo
929 2167 1036 2229 tamen
1058 2164 1201 2229 Lirinum
1228 2182 1334 2227 meam

183 2271 302 2335 honore
331 2271 535 2351 complector,
564 2287 644 2352 quae
672 2270 842 2352 procellosi
874 2269 1048 2353 naufragiis
1080 2268 1192 2335 mundi
1223 2269 1333 2334 effusis

183 2376 338 2459 piissimis
366 2376 451 2441 ulnis
480 2378 624 2459 receptet
646 2376 828 2454 uenientes,
857 2376 896 2441 ab
924 2377 979 2441 illo
1009 2376 1131 2441 saeculi
1162 2376 1332 2461 flagrantes

183 2485 275 2548 aestu
307 2482 422 2548 blande
455 2482 630 2548 introducit
663 2482 722 2548 sub
751 2483 881 2549 umbras
910 2503 996 2560 suas,
1024 2486 1062 2548 ut
1089 2482 1156 2547 illio
1185 2482 1332 2565 spiritum
1367 2556 1371 2563 .

184 2591 244 2654 sub
258 2590 316 2654 illa
330 2590 481 2655 interiore
500 2590 619 2656 domini
636 2591 751 2655 umbra
768 2591 875 2654 anheli
890 2594 1065 2658 resumant.
1089 2589 1181 2673 aquis
1195 2593 1332 2672 scatens,
1352 2619 1380 2656 20

185 2697 293 2762 herbis
315 2696 434 2774 uirens,
462 2697 592 2762 floribus
620 2697 770 2772 renitens,
801 2697 925 2762 uisibus
954 2697 1168 2779 odoribusque
1194 2695 1335 2762 iucunda

186 2803 369 2885 paradisum
396 2804 637 2887 possidentibus
666 2823 700 2869 se
729 2804 866 2870 exhibet.
904 2805 999 2889 digna
1027 2823 1107 2888 quae
1139 2802 1333 2868 caelestibus

186 2908 364 2992 disciplinis
382 2910 545 2975 Honoreto
570 2913 699 2976 auctore
721 2911 854 2975 fundata
878 2911 930 2989 sit,
950 2929 1029 2993 quae
1053 2910 1150 2977 tantis
1172 2908 1333 2974 institutis

186 3018 312 3080 tantum
340 3020 434 3081 nacta
462 3016 505 3081 sit
530 3020 654 3100 patrem
683 3018 852 3098 apostolici
881 3017 1014 3100 spiritus
1041 3017 1154 3102 uigore
1182 3020 1216 3081 et
1236 3016 1333 3080 uultu

185 3122 376 3197 radiantem3
410 3122 507 3208 digna
534 3143 615 3205 quae
642 3123 735 3188 illum
769 3124 949 3206 suscipiens
977 3124 1023 3187 ita
1051 3124 1203 3199 eniteret3
1236 3121 1334 3205 digna
1353 3139 1404 3194 25·

186 3249 266 3312 quae
290 3232 324 3293 et
343 3229 637 3310 praestantissimos
662 3231 727 3294 alat
750 3231 923 3296 monachos
947 3232 980 3295 et
1002 3231 1170 3296 ambiendo
1194 3229 1334 3312 proferat

187 3335 378 3402 sacerdotes.
419 3335 499 3400 haec
534 3354 618 3400 nunc
655 3354 873 3402 successorem
911 3336 979 3400 eius
1018 3339 1120 3414 tenet,
1157 3335 1334 3400 Maximum

185 3442 322 3518 nomine,
347 3442 479 3516 clarum,
503 3442 577 3524 quia
599 3447 674 3524 post
695 3443 804 3525 ipsum
826 3444 945 3508 meruit
967 3443 1097 3518 adsciri;
1120 3443 1199 3508 haec
1221 3439 1335 3506 habuit

185 3548 351 3613 reuerendi
377 3549 515 3614 nominis
538 3549 663 3632 Lupum
689 3550 744 3633 qui
766 3550 858 3614 nobis
881 3550 974 3614 illum
999 3569 1035 3615 er
1057 3551 1143 3616 tribu
1166 3547 1334 3614 Beniamin

223 3757 236 3811 1
257 3757 312 3810 alia
331 3757 480 3827 speciosius
499 3759 636 3813 exsultans
650 3758 739 3813 ΕΓΗ
792 3760 847 3812 aliu
862 3763 904 3813 est
918 3775 958 3830 sp.
972 3760 1005 3813 H
1039 3761 1058 3814 4
1073 3776 1166 3813 omnes
1180 3759 1263 3827 longe
1275 3755 1336 3812 EF

186 3846 340 3901 cauenda
357 3846 446 3900 ΕΓΗ
498 3849 660 3919 lextitisti]
674 3849 799 3904 fuistiH
868 3849 942 3903 illius
956 3849 1015 3903 EF
1085 3865 1113 3902 es
1127 3847 1237 3917 fertilis]
1253 3845 1331 3900 effer·

185 3937 287 3991 tilisE
338 3935 421 4005 8quo
436 3937 499 3990 ΕΗ
550 3939 859 4009 9nonqui1nunqnanr
874 3939 919 3994 R.
956 3939 1076 3992 eolatH
1130 3938 1160 3992 11
1178 3940 1332 3991 sanctorum

184 4025 399 4080 familiaritatem
418 4026 509 4080 ΕΓΗ
584 4029 617 4081 12
636 4027 704 4082 colit
721 4027 756 4080 H
825 4027 911 4082 coluit
929 4026 1009 4081 deum
1027 4026 1056 4082 R
1127 4029 1155 4080 tc
1174 4042 1226 4081 om.
1244 4023 1335 4080 ΕΓΗ

187 4113 220 4169 13
238 4113 378 4184 idemque]
395 4114 613 4185 idemipseEF
683 4120 725 4170 est
738 4117 797 4186 ipse
810 4115 870 4170 EF
921 4117 955 4170 16
968 4115 1159 4186 praecipueH
1212 4115 1244 4168 17
1259 4130 1332 4168 com·

185 4200 307 4271 plectens
316 4201 404 4256 EFH
440 4202 475 4255 22
490 4201 574 4271 digne
588 4219 668 4272 quem
683 4202 862 4273 possidebunt
871 4204 899 4259 R
935 4204 970 4258 25
983 4203 1111 4272 eniteret]
1125 4203 1264 4258 emitteret
1272 4199 1333 4255 HR

161 4316 163 4319 ·
185 4289 220 4344 26
239 4288 396 4345 ambiendos
414 4289 504 4344 ΕΓΗ
555 4290 590 4346 28
607 4291 686 4361 haec]
705 4294 732 4345 et
749 4292 779 4346 R
