3092 5000
255 356 318 418 166
527 354 554 407 S.
581 353 769 408 Eucherii
796 354 1077 424 Lugdunensis

252 547 403 627 militum,
436 548 491 630 qui
513 548 652 614 Thebaei
685 548 936 632 appellabantur.
970 550 1054 634 legio
1089 552 1198 614 autem
1221 550 1408 615 uocabatur

253 673 333 735 quae
364 656 442 719 tuno
474 673 527 719 sex
559 655 649 719 milia
681 674 718 720 ac
751 659 914 721 sexcentos
947 656 1034 721 uiros
1062 656 1095 721 in
1125 657 1220 722 armis
1253 656 1407 733 habebat,

251 758 286 822 hi
308 759 340 823 in
365 759 517 825 auxilium
532 761 722 826 Maximiano
747 762 786 825 ab
804 759 943 826 Orientis
962 762 1106 847 partibus
1126 762 1220 827 acciti
1240 763 1406 841 uenerant,

252 864 314 929 uiri
334 865 368 929 in
390 867 486 931 rebus
507 867 633 931 bellicis
657 868 779 932 strenui
800 870 832 933 et
850 868 970 933 uirtute
993 867 1126 947 nobiles,
1151 868 1208 933 sed
1231 868 1407 934 nobiliores

251 971 330 1048 fide3
359 992 435 1057 erga
459 974 683 1057 imperatorem
709 972 906 1050 fortitudine,
936 994 1011 1059 erga
1035 974 1198 1041 Christum
1231 975 1406 1041 deuotione
1437 995 1450 1036 a

252 1080 423 1144 certabant.
449 1080 628 1165 euangelici
641 1080 803 1164 praecepti
819 1062 915 1145 etiam
935 1082 994 1146 sub
1015 1082 1110 1147 armis
1130 1102 1191 1148 non
1210 1082 1405 1146 inmemores

250 1184 426 1250 reddebant
462 1205 543 1269 qnae
576 1186 627 1251 dei
660 1189 748 1251 erant
781 1186 861 1266 (100,
901 1190 934 1251 01
972 1206 1053 1270 quae
1087 1187 1230 1253 Caesaris
1276 1186 1406 1252 Caesari

250 1291 472 1360 restituebant.
510 1292 618 1374 itaque
648 1311 722 1357 oum
751 1296 784 1356 et
811 1292 845 1358 hi
876 1292 962 1358 sicut
985 1293 1081 1359 ceteri
1104 1292 1245 1357 militum
1270 1293 1311 1357 ad
1334 1312 1405 1375 per-

249 1396 435 1463 trahendam
478 1398 727 1463 Christianorum
773 1400 1014 1463 multitudinem
1061 1399 1308 1478 destinarentur,
1342 1398 1405 1464 soli

251 1504 450 1569 crudelitatis
474 1503 689 1568 ministerium
708 1505 882 1570 detrectare
901 1505 971 1569 ausi
991 1507 1065 1569 sunt
1084 1508 1179 1587 atque
1197 1505 1294 1569 huius
1314 1505 1404 1570 modi
1422 1527 1447 1567 10

250 1608 427 1694 praeceptis
452 1628 485 1673 se
509 1609 784 1691 obtemperaturos
808 1611 935 1694 negant.
974 1610 1186 1675 Maximianus
1214 1630 1277 1675 non
1306 1612 1402 1695 longe

251 1717 376 1791 aberat3
408 1735 482 1779 uam
511 1734 546 1779 se
574 1716 657 1780 eirca
681 1715 877 1781 Octodorum
909 1716 1024 1781 itinere
1047 1716 1155 1781 fessus
1179 1718 1320 1795 tenebat,
1345 1717 1401 1781 ubi

250 1842 323 1887 oum
347 1822 456 1903 siper
481 1822 610 1886 nuntios
644 1823 786 1887 delatum
819 1825 905 1887 esset
936 1822 1097 1906 legionem
1120 1823 1201 1887 hano
1229 1823 1401 1887 aduersum

248 1927 398 1992 mandata
415 1928 505 2011 regia
526 1928 677 1993 rebellem
699 1928 732 1992 in
748 1930 994 2012 Agauneusibus
1019 1930 1177 2014 angustiis
1202 1929 1399 2009 substitisse,

248 2035 281 2099 in
299 2036 437 2099 furorem
455 2034 612 2098 instinctu
630 2034 857 2118 indignationis
878 2035 1003 2100 exarsit.
1029 2036 1086 2100 sed
1108 2034 1189 2099 mihi
1211 2035 1398 2118 priusquam
1418 2061 1443 2101 rs

248 2142 372 2225 reliqua
410 2160 653 2219 conmemorem‚
694 2142 777 2205 situs
816 2142 880 2207 1001
918 2142 988 2207 eius
1025 2141 1173 2207 relationi
1210 2142 1397 2206 inserendus

249 2248 387 2313 uidetur.
1130 2268 1132 2275 '

293 2354 350 2418 ΠΙ.
379 2355 532 2438 Agaunus
565 2354 730 2439 sexaginta
760 2353 859 2420 ferme
892 2356 1022 2420 milibus
1055 2375 1074 2419 a
1107 2354 1290 2420 Genauensi
1320 2356 1396 2419 urbe

250 2462 349 2540 abest,
384 2460 638 2544 quattuordecim
671 2479 747 2527 uero
781 2462 912 2528 milibus
946 2462 1044 2528 distat
1072 2482 1090 2527 a
1118 2462 1222 2546 capite
1245 2461 1398 2526 Lemanui

247 2571 339 2634 lacus
371 2587 465 2650 quem
496 2568 602 2632 influit
634 2567 817 2634 Rhodanus.
850 2569 942 2634 locus
974 2569 1043 2652 ipse
1075 2570 1139 2632 iem
1171 2569 1255 2634 inter
1281 2568 1439 2650 Alpinam
1468 2633 1469 2636 ,

246 2676 324 2759 iuga
345 2674 377 2738 in
401 2675 488 2738 ualle
512 2674 594 2739 situs
618 2678 668 2738 est
700 2673 739 2738 ad
765 2694 860 2757 quem
883 2676 1090 2760 pergentibus
1115 2674 1238 2740 difficili
1260 2674 1395 2742 transitu

248 2801 396 2864 asperum
430 2783 525 2861 atque
558 2783 664 2844 artum
695 2781 757 2845 iter
788 2781 948 2864 panditur.
981 2781 1120 2846 infestus
1153 2800 1290 2863 namque
1314 2779 1395 2844 Rho·

248 2889 348 2952 danus
373 2887 477 2952 saxosi
499 2887 619 2952 montis
642 2887 805 2952 radicibus
825 2888 878 2952 nix
897 2888 1043 2969 peruium
1063 2887 1227 2952 ulantibus
1248 2905 1394 2972 aggerem

246 2994 386 3076 reliquit.
425 2993 538 3058 euictis
570 2993 831 3076 transmissisque
864 2994 1083 3078 angustiarum
1114 2993 1259 3058 faucibus
1289 2993 1393 3058 subito

247 3120 304 3165 uec
338 3100 471 3184 exignus
503 3100 586 3163 inter
616 3101 773 3164 montium
807 3119 901 3182 rupes
935 3119 1067 3185 campus
1092 3100 1242 3182 aperitur.
1279 3099 1312 3164 in
1335 3101 1393 3164 hoo
1410 3127 1435 3168 ss

246 3206 331 3290 legio
360 3208 469 3270 sancta
497 3205 692 3271 consederat.
730 3203 838 3288 igitur,
865 3205 952 3270 siout
975 3225 1070 3288 supra
1095 3205 1241 3284 diximus,
1267 3205 1391 3289 cognito

246 3310 459 3376 Maximianus
482 3310 703 3376 Thebaeorum
735 3329 889 3394 responso
922 3312 1089 3395 praecipiti
1112 3312 1159 3376 ira
1181 3311 1324 3376 feruidus
1354 3311 1391 3374 ob

620 3471 652 3502 net
1311 3467 1357 3502 hant

283 3512 411 3566 Ithebei
428 3512 460 3566 D
522 3512 662 3584 3110011111
680 3512 711 3566 D
774 3512 952 3582 bebristum]
975 3511 1054 3566 deum
1073 3513 1104 3566 D
1162 3511 1314 3566 8101111110
1367 3511 1394 3564 P

248 3627 281 3682 10
300 3629 468 3682 detraectare
487 3629 515 3682 P
532 3629 680 3682 detractari
698 3629 728 3682 D
764 3593 1260 3698 1101101001111111Ρ(ρ11.1.)
1301 3627 1391 3682 13111·

245 3718 333 3772 latum
351 3717 381 3770 D
423 3719 456 3770 14
475 3717 695 3787 Agaunensibus]
713 3718 756 3770 his
775 3715 806 3770 D
878 3715 1057 3789 substitissell
1076 3717 1106 3770 D
1157 3717 1189 3770 15
1208 3717 1237 3770 iu
1256 3715 1346 3770 furore
1366 3717 1392 3769 01

245 3832 401 3903 instinctull
419 3832 449 3886 D
538 3834 613 3902 prius
631 3833 699 3886 mihi
718 3849 798 3902 qnam
817 3832 849 3886 D
938 3834 971 3887 16
990 3799 1186 3888 coiimemorem
1201 3832 1229 3885 P
1243 3834 1280 3899 (m
1299 3847 1334 3886 m.
1353 3829 1391 3900 2.)
1422 3837 1424 3842 “

248 3949 281 4002 18
299 3948 442 4018 Agaunns]
460 3948 536 4002 locus
554 3949 601 4001 ille
621 3947 844 4052 agensluensetD
899 3949 933 4003 19
953 3949 1090 4004 limaniP
1159 3913 1392 4019 linsiannilrsusl)

245 4062 279 4116 20
299 4063 344 4132 qni
364 4063 457 4116 influit
473 4062 606 4117 rodanum
624 4064 656 4117 D
726 4063 761 4116 22
781 4063 906 4134 adqueP
926 4064 1007 4130 (corr.
1021 4081 1056 4120 m.
1071 4065 1112 4132 2.)
1158 4064 1220 4133 art]
1240 4061 1391 4116 arduumD

246 4151 281 4204 25
300 4167 350 4205 nec
368 4167 419 4206 om.
437 4151 467 4204 D
555 4153 684 4206 hocloco
703 4151 734 4206 D
752 4152 821 4222 (loco
840 4153 1038 4222 suprascripsit
1055 4170 1089 4208 11.
1110 4154 1149 4219 2.)
1242 4152 1276 4206 27
1296 4151 1390 4205 thebe·

246 4282 322 4319 orum
340 4266 370 4319 D
440 4232 584 4336 praecipiti
602 4267 631 4320 P
648 4268 693 4335 (m.
712 4267 752 4331 2.)
826 4267 906 4322 ferire
924 4267 955 4322 D
