3092 5000
490 395 809 451 Instructionum
832 398 899 455 lib.
922 400 943 453 I.
1250 402 1293 465 93

185 590 257 654 Non
287 588 454 652 dimidiant
482 588 549 653 dies
574 609 650 654 suos
674 590 707 653 hi
732 591 786 673 qni
810 591 968 655 inmatura
991 597 1092 659 morte
1116 594 1291 677 rapiuntur.

140 698 199 759 hac
221 696 343 759 ratione
368 694 464 760 etiam
486 694 569 759 illud
590 694 777 779 intellegere
801 716 989 779 possumus:
1018 720 1061 764 ne
1084 702 1212 785 rapias
1236 720 1293 765 me

140 802 177 866 in
210 801 368 866 dimidio
408 801 552 865 dierum
587 820 763 867 meorum.
813 806 845 869 et
881 806 986 870 aliter:
1024 826 1085 871 non
1124 808 1294 872 dimidiant

141 909 208 972 dies
233 928 309 973 suos
334 907 529 991 66161161
557 908 812 975 satisfactionem
840 930 902 975 non
931 912 1096 978 conferunt
1123 915 1178 978 uel
1205 914 1293 978 uitae

112 1034 217 1079 66666
241 1018 374 1098 partem.

185 1122 255 1186 XX.
280 1120 363 1201 Quid
386 1121 654 1187 16166166666666
679 1123 839 1205 eloquitur
862 1124 900 1188 16
924 1125 994 1203 hoe,
1020 1127 1104 1208 quod
1128 1126 1292 1191 scribitur:

140 1230 360 1311 priusquam
384 1229 597 1312 producant
620 1229 750 1311 spinae
776 1232 926 1296 uestrae
950 1233 1167 1303 rhamnum?

184 1335 221 1399 Id
246 1338 304 1410 est,
327 1337 513 1419 priusquam
538 1355 571 1401 se
594 1340 727 1418 peccata
748 1340 857 1403 uestra
880 1344 1111 1405 consumment.

185 1442 270 1506 XXI.
306 1443 416 1507 Iustus
450 1461 512 1525 qno
545 1442 640 1508 modo
673 1444 762 1507 lauat
798 1464 911 1509 manus
949 1464 1023 1511 suas
1063 1446 1095 1511 in
1138 1449 1292 1531 sanguiue

100 1576 123 1613 10
140 1548 339 1631 peccatone?

185 1654 267 1719 Cum
298 1655 452 1721 tribuitur
482 1656 626 1721 uindicta
658 1657 696 1721 de
728 1657 837 1740 impiis
866 1678 928 1723 non
957 1659 1018 1724 hoc
1046 1662 1291 1743 procurantibus

142 1762 276 1839 sanctis3
310 1765 343 1826 et
373 1765 448 1845 post
480 1763 597 1828 delicta
629 1766 724 1847 atque
758 1764 877 1829 exitum
904 1769 1107 1848 peccatorum
1132 1768 1287 1833 iustorum

142 1869 256 1933 clarius
279 1869 348 1933 uita
371 1871 467 1951 61666
490 1888 585 1952 opera
608 1870 785 1953 splendent.

184 1976 287 2040 XXII.
313 1974 501 2055 Quomodo
526 1976 745 2059 accipiendum
779 1981 829 2043 est
859 1977 951 2055 illud,
985 1979 1070 2061 quod
1101 1981 1133 2043 in
1166 1983 1290 2061 psalmo

99 2112 124 2151 15
142 2081 274 2165 legitur:
299 2101 370 2147 non
393 2083 613 2147 miserearis
638 2084 811 2149 omnibns
840 2084 904 2167 661
928 2088 1130 2167 operantur
1152 2086 1290 2169 iniqui-

141 2190 282 2252 tatem?

184 2293 257 2359 Non
289 2298 355 2359 tam
387 2297 609 2363 maledicentis
643 2297 746 2361 animo
779 2296 867 2361 istud
901 2297 1017 2362 1161166
1045 2318 1141 2381 quam
1171 2318 1288 2365 correo-

141 2401 259 2465 tionem
288 2402 604 2486 emendationemque
631 2403 834 2487 peccantium
863 2404 1082 2484 desiderantis,
1111 2406 1228 2484 idest,
1254 2410 1292 2471 ut

141 2509 172 2571 in
191 2512 352 2592 praesenti
370 2512 478 2594 potius
497 2513 565 2576 6116
585 2512 720 2594 correpti
739 2531 800 2575 non
821 2512 993 2575 abutantur
1011 2513 1119 2577 diuina
1137 2513 1292 2595 patientia

101 2649 124 2686 20
141 2633 241 2697 66666
265 2617 305 2681 61
326 2617 467 2682 futuram
489 2637 662 2701 poenarum
686 2618 899 2684 acerbitatem.

186 2724 304 2788 XXIII.
344 2723 467 2790 Semel
503 2727 657 2790 locutus
695 2727 754 2788 661
786 2724 888 2802 1666,
914 2725 984 2788 166
1017 2726 1108 2789 haec
1142 2725 1286 2803 audini;

142 2830 217 2910 qnid
240 2831 292 2894 hie
314 2831 565 2914 intellegendum
589 2833 659 2896 est?

187 2936 292 3001 Semel
314 2937 367 3002 hic
390 2957 450 3002 non
475 2938 515 3002 ad
538 2958 706 3002 numerum
737 2939 934 3003 referendum
965 2942 1014 3004 est
1042 2939 1098 3003 661
1126 2939 1166 3002 61
1193 2939 1289 3003 firmi-

141 3045 250 3108 tatem.
285 3063 365 3126 quae
398 3047 506 3108 autem
535 3047 610 3108 sunt
633 3044 689 3107 illa
712 3044 785 3122 dno,
812 3063 891 3126 6666
915 3044 1042 3108 donnino
1067 3045 1232 3110 adiacent?
1257 3049 1290 3110 et

141 3169 234 3230 posse
268 3150 372 3214 omnia
395 3155 427 3215 et
449 3151 533 3214 uelle
560 3149 713 3214 misereri.
747 3153 780 3214 et
808 3151 913 3214 aliter:
948 3151 1046 3214 semel
1063 3151 1206 3214 ‘locutus
1239 3155 1288 3215 est

101 3257 536 3341 661666,11661,161666;
570 3275 644 3320 nam
675 3256 707 3320 in
741 3257 906 3340 euangelio
940 3275 1001 3320 non
1030 3257 1091 3320 6116
1118 3257 1288 3340 praecipit:

143 3363 321 3444 6616666
345 3364 432 3427 6661
455 3364 577 3447 legem
601 3364 753 3427 soluere
778 3363 841 3427 sed
866 3363 1095 3445 adimplere?

184 3469 319 3533 XXIIII.
339 3467 423 3548 Quid
441 3471 500 3545 661,
520 3469 605 3552 6661
623 3467 786 3533 scribitur:
811 3468 1060 3533 transiuimus
1080 3469 1287 3552 perignem

143 3577 344 3658 61666666,
370 3579 407 3640 et
429 3576 618 3640 induxisti
641 3594 707 3640 nos
730 3575 768 3638 in
793 3575 1055 3658 refrigerium?

230 3750 310 3802 res.
330 3749 393 3816 101,
411 3749 446 3802 25
522 3749 598 3804 666.
626 3751 669 3812 57,
689 3749 724 3804 ro
797 3748 886 3816 666.
911 3749 953 3812 su,
980 3748 1023 3814 11)
1098 3748 1288 3813 rorasse

142 3839 173 3891 21
193 3838 230 3892 ru.
251 3840 295 3901 er,
316 3840 349 3892 12
421 3838 457 3893 66
475 3839 561 3892 math.
580 3840 606 3902 5,
627 3839 659 3891 17
736 3838 952 3906 66666616

176 3963 434 4018 3meorumom.V
487 3965 644 4016 Vramnum
658 3963 743 4016 PAV
795 3963 854 4016 866
869 3962 1069 4016 omPsiAV
1123 3961 1154 4015 11
1176 3959 1291 4032 hoellP

144 4054 175 4106 12
189 4054 278 4122 61666
293 4053 351 4107 AV
405 4054 437 4107 17
452 4053 646 4106 maledicentes
661 4053 719 4106 AV
772 4052 805 4104 19
819 4051 944 4121 potentia
959 4051 985 4104 V
1036 4042 1071 4105 2'0
1085 4050 1249 4104 accerbitate
1264 4050 1291 4101 V

142 4141 175 4194 23
194 4142 268 4211 quod
286 4142 372 4195 PAV
446 4142 553 4196 adiacet
571 4143 656 4194 PAV
730 4141 765 4193 24
784 4143 848 4210 post
867 4138 942 4193 seV
1011 4140 1046 4193 26
1067 4140 1140 4209 quia]
1163 4155 1244 4208 quam
1263 4137 1291 4192 V

142 4231 302 4300 adlmpleret
319 4230 378 4283 AV
441 4232 475 4284 27
496 4230 737 4299 quid-scribitur]
756 4228 822 4299 quid
840 4229 953 4282 interior
976 4245 1070 4282 sensus
1095 4229 1231 4297 eloquItur
1254 4228 1288 4281 de

141 4319 191 4373 boc
210 4319 283 4388 quod
302 4318 429 4373 scribitur
446 4319 622 4372 transibimus
642 4319 666 4372 S
