3092 5000
511 392 831 447 Instructionum
860 395 924 448 lib.
953 394 974 451 I.
1255 400 1315 464 131

12 567 13 620 l
92 633 94 640 .
168 586 264 652 dicit:
294 590 333 651 et
356 588 443 669 ipse
472 586 646 669 spiritus
675 590 958 654 testimonium
986 591 1121 655 reddit
1145 592 1317 675 spiritui

168 697 321 770 nostro,
346 694 450 777 quod
474 714 612 759 sumus
635 695 721 759 filii
745 696 818 760 dei.
843 697 904 762 hoc
928 700 987 775 est,
1009 698 1093 779 quod
1111 698 1165 763 ille
1186 700 1317 780 spiritus

169 804 300 865 sanctus
323 801 398 865 huic
420 801 633 866 intellectuali
661 802 788 885 spiritui
816 806 924 869 nostro
952 806 1172 871 testimonium
1194 807 1316 882 reddat,

169 908 255 990 quod
287 927 399 973 sumus
432 909 491 973 filii
523 909 583 975 dei.
617 909 678 974 alio
713 908 837 992 quoque
865 912 935 975 loco
965 912 1129 995 apostolus
1157 912 1341 995 loquiturt.

138 1016 345 1097 epsallam
374 1016 537 1098 spiritu,
566 1017 741 1099 psallam
766 1019 805 1081 et
828 1021 969 1097 mente,
1007 1018 1059 1083 hic
1089 1020 1236 1103 spiritum
1261 1040 1317 1103 pro

169 1140 248 1186 uoce
273 1141 394 1203 ponens
419 1124 451 1186 et
473 1142 553 1187 uoce
578 1122 656 1187 dicit
677 1124 796 1206 pariter
820 1126 852 1187 et
874 1128 979 1189 mente
1003 1126 1214 1207 psallendum.

554 1333 608 1385 AD
634 1330 938 1388 COLOSSENSES.

212 1439 238 1503 Ι.
274 1436 358 1516 Quid
393 1438 641 1523 intellegendum
679 1443 728 1504 est
764 1440 796 1504 in
836 1441 976 1521 capitulo
1014 1440 1069 1505 illo
1107 1442 1140 1505 in
1180 1462 1240 1525 quo
1280 1444 1318 1507 ad

170 1546 377 1611 Colossenses
406 1546 570 1610 scribitur:
600 1546 634 1609 si
662 1547 811 1611 mortui
841 1548 943 1611 estis
973 1568 1058 1612 cum
1084 1548 1247 1614 Christo
1273 1552 1319 1615 ab

12 1629 14 1642 ’
125 1651 387 1717 roelcmentis
419 1651 564 1727 mundi,
598 1652 695 1734 quid
728 1651 857 1717 adhuc
891 1655 1091 1737 tamquam
1124 1654 1317 1721 uiuentes

167 1760 206 1821 in
241 1757 386 1822 mundo
419 1758 668 1823 decernitis:
698 1778 769 1823 nac
799 1760 996 1842 tetigeris
1025 1780 1152 1842 neque
1185 1766 1318 1846 gusta-

56 1948 58 1953 .
168 1866 280 1929 ueris
311 1884 439 1946 neque
473 1866 816 1943 contrectaucris,
850 1885 950 1947 quae
984 1869 1080 1931 sunt
1114 1869 1246 1933 omnia
1277 1870 1316 1933 in

168 1972 348 2036 interitu
377 1971 466 2054 ipso
497 1991 582 2050 usu,
608 1971 829 2053 secundum
859 1976 1081 2055 praecepta
1109 1977 1148 2038 et
1171 1974 1317 2041 doctri-

169 2099 238 2143 nas
255 2078 468 2156 hominum,
489 2098 589 2160 quae
613 2082 708 2143 sunt
730 2080 924 2143 rationem
945 2080 1103 2162 quidem
1123 2081 1318 2147 habentia

127 2185 403 2267 resapientiae
437 2186 474 2248 in
509 2186 812 2268 superstitione
852 2190 889 2250 et
921 2186 1170 2266 humilitate,
1201 2191 1239 2251 et
1271 2190 1317 2253 ad

169 2312 243 2357 non
277 2293 520 2374 parcendum
555 2293 721 2374 corpori,
745 2312 819 2358 non
848 2294 886 2356 in
914 2294 1065 2357 honore
1099 2293 1237 2376 aliquo
1271 2295 1317 2359 ad

170 2399 437 2462 saturitatem
463 2400 607 2462 carnis.

213 2507 480 2589 Perstringamus‚
505 2512 542 2570 ut
564 2526 747 2589 possumus,
771 2508 879 2571 locum
909 2508 1043 2572 summis
1069 2509 1317 2573 obscuritatibus

12 2682 13 2695 χ
168 2614 361 2677 inuolutum.
386 2614 529 2694 disputat
553 2619 662 2678 contra
686 2633 740 2678 eos
765 2615 820 2696 qui
845 2634 879 2677 cr
902 2614 1029 2680 Iudaeis
1054 2615 1225 2680 Christiani
1247 2635 1319 2697 pro-

12 2748 13 2773 (
126 2749 151 2787 ao
168 2720 244 2800 priis
269 2720 502 2785 contendebant
525 2721 710 2785 ceremoniis
733 2721 903 2787 inhaerere.
929 2725 960 2785 ct
987 2721 1051 2784 iam
1081 2723 1317 2804 supradixerat

12 2814 13 2819 ¹
168 2825 206 2889 de
238 2826 429 2908 inprobabili
462 2845 571 2890 eorum
605 2828 806 2891 obseruantia
838 2827 870 2890 in
903 2827 973 2891 cibo
1008 2831 1061 2890 aut
1090 2829 1122 2890 in
1159 2832 1248 2910 potu,
1284 2833 1316 2892 et

168 2933 351 2996 neomeniae
375 2951 482 2997 eorum
504 2936 536 2996 et
554 2933 686 2996 sabbata
707 2934 854 2997 umbram
878 2933 1056 2999 futurorum
1079 2933 1315 3015 praetulissent.

167 3040 336 3119 posthaec
355 3059 481 3103 rursum
500 3040 532 3102 in
553 3039 822 3121 consequentibus
843 3039 935 3103 dicit:
961 3041 989 3104 si
1008 3041 1126 3103 mortui
1146 3041 1224 3104 estis
1245 3059 1316 3104 cum

169 3143 295 3208 Christo
327 3147 365 3208 ab
397 3146 563 3210 elementis
593 3146 714 3222 mundi,
746 3147 823 3228 quid
854 3147 957 3210 adhuc
980 3151 1144 3228 tamquam
1168 3147 1315 3211 uiuentes

127 3279 151 3317 11
167 3251 198 3313 11
226 3251 345 3315 mundo
381 3252 573 3316 decernitis?
605 3253 666 3316 hoc
696 3256 745 3316 est
773 3252 965 3331 diiudicatis,
1000 3253 1075 3335 quid
1110 3253 1315 3317 diiudicatis?

168 3357 298 3421 dicendo
332 3359 454 3440 utique.
487 3378 526 3421 ne
564 3359 709 3442 tetigeris
746 3378 847 3440 neque¹
892 3361 1072 3442 gustaueris
1110 3379 1211 3441 neque
1244 3377 1316 3422 con-

166 3464 353 3528 trectaueris
377 3483 458 3546 quae
483 3468 559 3528 sunt
582 3465 687 3528 omnia
709 3466 741 3528 in
764 3465 895 3528 interitu
915 3466 983 3546 ipso
1004 3486 1065 3529 usu
1089 3467 1178 3549 (quia
1201 3467 1314 3541 omnia,

165 3568 279 3652 inquit,
312 3570 369 3633 illa
403 3589 483 3651 quac
508 3590 608 3651 nequa
633 3571 844 3654 contingenda
872 3591 972 3653 neque
1001 3572 1158 3656 gustanda
1186 3571 1315 3636 creditis

165 3676 235 3759 ipso
265 3695 327 3739 usu
357 3696 426 3754 suo,
460 3677 535 3740 dum
568 3677 788 3754 adsumuntur,
816 3677 999 3759 intereunt),
1025 3677 1200 3741 secundum
1228 3697 1314 3758 praa·

256 3937 465 4002 raonarc
520 3937 647 3994 creor.
669 3940 760 4004 14,15
810 3937 1064 4003 acorem-aa
1116 3939 1150 3992 ar
1166 3937 1254 4006 (11.1,
1270 3937 1313 4006 16)

200 4082 338 4194 dloquitur
355 4125 383 4177 P
436 4125 585 4195 5spallam
610 4126 635 4178 V
688 4126 875 4179 leolosenses
897 4126 949 4192 (sic
966 4129 1081 4194 semper)
1101 4124 1160 4178 AV
1200 4124 1312 4178 llteti-

165 4213 327 4282 geritisAV
380 4214 625 4284 gustaueritisAV
662 4215 695 4266 12
709 4214 1010 4267 contrectaueritisAV
1047 4215 1078 4268 19
1095 4213 1269 4277 caeremoniis
1287 4221 1313 4278 (a

166 4303 216 4356 dele
240 4320 275 4358 nr.
300 4304 340 4369 2.)
364 4304 392 4355 P
414 4304 584 4356 caerimoniis
608 4303 666 4355 AV
746 4304 781 4356 26
809 4320 896 4372 neque
921 4303 1131 4357 contrectaueris
1155 4318 1206 4354 om.
1229 4301 1316 4354 PAV

1209 4406 1240 4459 9*
