3092 5000
252 379 294 442 68
545 377 571 431 S.
599 377 786 430 Eucherii
813 377 1088 446 Lugdunensis

254 575 444 656 scriptorum
468 572 689 658 significantia.
713 573 792 636 licet
814 572 943 655 quidam
966 572 1027 638 hoc
1049 571 1196 656 intellegi
1218 573 1274 638 illo
1298 573 1400 638 uelint

250 680 434 746 testimonio
460 699 520 760 quo
546 679 686 744 saluatur
709 679 802 744 dicit:
837 679 900 760 qui
928 680 1033 744 lotus
1058 683 1116 743 est
1147 699 1219 744 non
1249 679 1400 764 indiget

251 789 292 851 ut
323 788 438 851 lauet.
473 789 505 850 et
532 789 638 850 tamen
668 784 706 850 de
735 786 825 868 aquis
850 805 868 849 a
891 787 950 851 deo
973 786 1174 851 factisillud
1197 805 1255 851 nos
1280 787 1399 869 aliqua-

250 896 344 958 tenus
368 893 524 956 instruere
547 892 769 956 testimoninm
792 894 901 974 potest
923 891 986 975 0110
1011 891 1143 957 dicitnr:
1176 897 1400 975 separentur

251 1018 370 1082 aquae
402 999 438 1062 in
473 999 809 1083 congregationem
841 1018 951 1063 unam
989 1001 1026 1062 et
1062 1002 1243 1082 appareat
1280 1000 1437 1077 aridam

251 1107 324 1190 qnia
358 1105 483 1170 scilicet
504 1125 566 1170 uon
590 1105 798 1188 praeciperet,
821 1107 859 1169 ut
886 1124 986 1187 aquae
1010 1125 1028 1168 a
1050 1109 1135 1170 terra
1162 1125 1259 1188 quam
1281 1105 1402 1170 fecerat

251 1215 497 1289 secernerentur,
531 1211 593 1276 nisi
626 1214 659 1276 et
690 1230 790 1293 aquas
822 1211 892 1294 ipse
922 1212 1065 1277 fecisset.
1103 1231 1161 1276 nec
1184 1213 1401 1278 euimconse-

250 1322 384 1403 quenter
404 1319 438 1382 in
461 1320 676 1383 creaturarum
705 1318 813 1383 ordine
840 1320 952 1401 postea
980 1318 1136 1403 distingui
1157 1319 1292 1396 iuberet,
1316 1318 1401 1402 quod

249 1428 319 1510 ipse
343 1429 436 1490 antea
459 1443 521 1489 non
544 1425 692 1488 creasset.
717 1426 750 1488 et
772 1423 834 1489 hoc
857 1423 984 1506 quidem
1004 1423 1043 1489 ob
1061 1424 1095 1488 id
1114 1424 1309 1507 colligimus,
1328 1424 1401 1506 quia

250 1532 418 1598 creationis
456 1531 525 1595 eius
563 1531 731 1595 manifeste
765 1530 901 1596 Genesis
941 1549 1004 1594 non
1044 1531 1156 1595 intulit
1195 1531 1398 1596 mentionem.
1418 1558 1441 1593 lo

249 1639 450 1703 manifestius
474 1644 579 1702 antem
611 1640 771 1702 creaturae
804 1637 901 1702 huius
935 1636 1030 1702 deum
1063 1635 1211 1721 designat
1230 1639 1400 1704 auctorem

249 1746 393 1830 psalmus
417 1745 473 1809 ille
497 1744 552 1826 qui
576 1744 668 1808 dicit:
694 1744 870 1826 quoniam
893 1744 1018 1826 ipsius
1042 1746 1103 1808 est
1124 1763 1234 1822 mare,
1259 1746 1297 1808 et
1319 1744 1400 1826 ipse

250 1853 345 1917 fecit
366 1851 475 1914 illud.

294 1959 349 2026 IV.
379 1956 463 2036 Quid
496 1961 556 2034 est,
592 1958 677 2040 quod
710 1957 843 2022 dicitur:
881 1961 918 2022 et
954 1958 1055 2022 uidit
1092 1957 1276 2033 dominus,
1315 1957 1400 2038 quia

249 2068 345 2131 bona
368 2067 457 2129 sunt
480 2064 602 2128 ualde.
1418 2089 1440 2126 o

294 2171 394 2249 Uidit,
419 2172 479 2235 hoc
504 2173 568 2236 est:
593 2170 792 2254 adprohauit.

294 2278 333 2342 V.
363 2276 450 2356 Quae
488 2277 715 2358 consequentia
757 2279 807 2341 est
851 2276 989 2342 hominis
1026 2278 1064 2340 ut
1100 2277 1271 2340 scribatur:
1308 2276 1399 2339 haec

251 2386 456 2451 uocabitur
479 2385 624 2462 mulier,
651 2385 827 2466 quoniam
851 2405 891 2448 er
913 2385 994 2448 niro
1020 2388 1169 2467 sumpta
1192 2387 1260 2448 est.

295 2492 498 2577 Etymologia
526 2512 605 2575 quae
634 2491 686 2555 hic
712 2491 744 2556 in
772 2492 872 2557 latino
902 2512 964 2557 nou
992 2493 1095 2569 sonat,
1118 2491 1151 2555 in
1174 2491 1311 2556 hebraeo
1335 2509 1399 2555 ser·

251 2620 344 2665 moue
378 2603 532 2675 seruatur,
566 2597 616 2661 uir
648 2597 732 2661 euim
774 2601 909 2662 uocatur
940 2598 972 2661 is
1006 2600 1038 2661 et
1064 2597 1180 2661 mulier
1201 2596 1290 2672 issa,
1315 2593 1439 2677 quodne

252 2706 515 2772 animaduertitur
531 2704 743 2787 pulcherrime
761 2724 872 2769 recens
892 2704 1072 2769 custodisse
1090 2703 1255 2768 translatio
1275 2703 1397 2767 dicens:

251 2816 344 2879 haec
366 2814 568 2878 uocabitur
589 2813 731 2896 uirago,
757 2813 845 2894 quia
869 2832 909 2877 er
932 2812 1013 2876 uiro
1038 2814 1188 2894 sumpta
1212 2814 1280 2876 est.

280 2918 351 2984 VI.
375 2921 411 2983 ln
435 2937 496 3000 quo
520 2918 570 2982 dei
595 2918 838 2982 similitudinem
861 2918 1055 2981 retinemus?

295 3027 331 3090 Iu
356 3028 471 3091 mente.

295 3133 370 3207 Vll,
391 3131 562 3196 Paradisus
585 3131 642 3195 ubi
666 3150 737 3195 esse
761 3130 931 3198 delinitur?
1414 3154 1438 3191 rr

294 3239 430 3303 Diuersa
462 3257 558 3321 super
592 3238 652 3303 hac
688 3257 720 3301 re
759 3237 917 3301 sententia
952 3237 1163 3319 plurimorum
1185 3228 1260 3300 est.
1299 3235 1396 3318 aliqui

251 3349 357 3411 tamen
385 3346 469 3409 huuc
498 3346 530 3408 in
557 3347 641 3408 terra
673 3362 744 3407 esse
778 3344 945 3422 definiunt,
973 3347 1096 3408 utnon
1118 3343 1259 3426 potuerit
1282 3342 1396 3407 nisiin

250 3455 334 3517 terra
365 3452 507 3517 hahitare
540 3454 684 3515 terrenus
719 3470 812 3532 quem
846 3454 953 3515 tamen
986 3450 1108 3515 homini
1142 3449 1396 3514 inaccessibilem

252 3559 336 3625 effici
359 3559 467 3623 diuina
489 3560 609 3623 uirtute
634 3559 831 3623 confirmant.

340 3720 561 3789 210h.13,1o.
629 3722 733 3776 4Geu.
754 3723 780 3782 1,
799 3723 825 3775 9.
894 3723 928 3775 12
946 3722 991 3776 Ps.
1011 3721 1055 3785 94,
1074 3722 1099 3775 5.
1169 3721 1204 3774 14
1223 3719 1291 3777 Gen.
1311 3720 1336 3786 1,
1355 3721 1396 3775 31.

253 3812 285 3865 17
304 3811 343 3876 ihr
361 3812 386 3875 2,
406 3812 449 3865 23.
506 3810 596 3863 2211).

289 3944 300 3996 1
322 3943 420 4013 uelint]
438 3943 484 3996 uel
501 3944 530 3997 in
548 3943 607 3996 PV
622 3942 710 3997 uelint
728 3946 755 3996 A
773 3943 872 3997 uolunt
889 3944 949 3997 edd.
1005 3945 1021 3996 5
1040 3943 1253 4012 congregatione
1271 3959 1326 3995 une
1343 3941 1399 3996 AV

253 4060 473 4127 Vsecerneretur
495 4059 521 4112 V
601 4025 721 4131 Sponte⁸
743 4047 777 4113 P'
854 4060 1050 4130 9collegimns
1068 4058 1127 4113 AV
1211 4060 1245 4112 14
1265 4058 1331 4111 deus
1350 4057 1400 4111 SV

252 4148 419 4235 quoniamS
482 4148 514 4200 17
533 4146 566 4202 V.
586 4150 783 4217 quae—mente
801 4147 896 4203 om.S
957 4148 991 4202 18
1010 4150 1052 4217 ex]
1072 4148 1104 4201 de
1123 4148 1183 4201 AV
1264 4149 1355 4200 sumta
1372 4146 1398 4198 P

253 4237 286 4290 19
305 4236 487 4305 etoemologia
504 4235 558 4288 PA
577 4236 755 4306 ethimologia
778 4236 803 4289 V
865 4237 899 4289 22
919 4237 1047 4307 quoniam
1066 4236 1099 4290 de
1117 4234 1176 4288 AV
1265 4237 1356 4288 sumta
1372 4234 1398 4287 P

252 4325 287 4378 24
304 4328 424 4379 mentem
442 4319 468 4377 V
