3092 5000
237 334 299 397 136
542 332 568 385 S.
596 331 783 385 Eucherii
810 330 1088 399 Lugdunensis

236 541 316 585 cem
355 525 488 585 auteur
524 541 598 587 non
642 522 862 586 audierunt
904 523 992 585 eius
1030 523 1097 604 qui
1133 524 1385 605 loquebatur

235 630 410 695 mecum?

280 735 431 817 Superius
460 735 517 799 ubi
545 735 672 799 audisse
701 754 815 799 uocem
843 735 1022 799 referuntur·
1045 754 1063 798 a
1087 736 1155 814 deo,
1180 756 1241 800 uon
1269 754 1382 800 uocem

235 843 288 906 sed
314 842 513 907 inconditum
537 860 651 906 sonum
675 841 766 905 uocis
795 844 996 923 acceperunt,
1021 846 1057 905 ut
1085 861 1139 907 eos
1163 844 1274 925 postea
1298 843 1382 907 dicat

234 969 347 1013 uocem
365 968 426 1013 non
447 949 586 1026 audisse,
604 948 638 1011 id
658 952 716 1025 est,
738 968 918 1030 expressam
942 950 1111 1014 uerborum
1136 950 1380 1033 significantiam
1411 972 1425 1011 a

234 1077 296 1139 qua
330 1056 456 1137 possint
491 1056 688 1139 intellegere,
718 1054 803 1136 quod
841 1056 984 1120 sonabat.
1022 1076 1059 1120 ao
1096 1056 1225 1138 perinde
1262 1054 1380 1120 idcirco

234 1163 361 1227 diuersa
397 1164 467 1226 uice
505 1165 538 1227 et
574 1162 703 1227 audisse
741 1164 774 1226 et
810 1182 872 1226 non
910 1163 1038 1227 audisse
1075 1164 1265 1239 referuntur,
1308 1163 1381 1245 quia

234 1273 389 1349 quantum
417 1269 456 1332 ad
485 1288 599 1333 sonum
626 1268 774 1350 pertinet,
809 1269 989 1349 audierunt,
1021 1272 1176 1353 quantum
1205 1269 1244 1333 ad
1273 1270 1379 1347 uerba,

233 1396 295 1440 non
319 1376 498 1439 audieruut.

277 1484 316 1549 V.
342 1480 444 1560 Quare
472 1482 561 1564 prius
590 1482 768 1545 communis
798 1482 887 1546 cibus
922 1482 1096 1547 uocabatur
1129 1482 1183 1563 qui
1214 1485 1381 1563 putaretur
1399 1505 1423 1543 10

231 1589 426 1653 inmundus?

279 1695 371 1773 Quod
403 1699 512 1761 eontra
551 1696 755 1760 interdictum
800 1698 876 1759 tuuc
910 1695 962 1759 dei
993 1696 1026 1759 in
1059 1714 1227 1760 commuue
1266 1696 1379 1761 ceteris

232 1807 355 1884 pateret
385 1802 569 1866 hominibus
602 1801 657 1882 qui
688 1802 721 1865 iu
755 1801 897 1866 ciborum
936 1801 1126 1865 discretione
1159 1803 1242 1886 legis
1275 1802 1379 1867 obser·

231 1912 373 1974 nantiam
401 1929 463 1974 non
491 1909 644 1973 tenebant
670 1928 726 1991 per
754 1927 849 1990 quarn
877 1908 988 1971 Iudaei
1014 1913 1137 1991 partem
1166 1908 1217 1972 dei
1246 1927 1280 1972 se
1308 1928 1379 1973 esse

231 2018 400 2082 iactabant.
436 2016 623 2098 purificatus
661 2018 711 2079 est
749 2018 856 2079 autern
895 2016 990 2079 etiarn
1029 2016 1157 2080 domiuo
1191 2015 1315 2079 dicente
1339 2015 1379 2078 ad
1395 2033 1419 2073 ιε»
1531 2006 1532 2011 ’

229 2126 378 2188 Petrum:
423 2142 522 2205 quae
565 2122 663 2186 deus
704 2122 955 2203 purifioauit
996 2142 1040 2185 ne
1082 2124 1124 2185 tu
1172 2141 1378 2187 commune

232 2231 394 2294 dixeris.

274 2338 330 2401 VI.
355 2334 437 2414 Quid
460 2336 541 2401 illud
564 2339 624 2410 est,
649 2336 734 2417 quod
757 2336 790 2399 in
814 2336 940 2399 actibus
965 2336 1184 2417 apostolorum
1210 2336 1378 2400 duodecim

196 2426 200 2432 ¹
230 2445 279 2510 illi
311 2444 366 2527 qui
397 2443 547 2508 Iohannis
579 2442 740 2526 baptismo
774 2442 927 2525 baptizati
963 2442 1089 2506 fueraut
1127 2442 1329 2524 baptizantur
1361 2461 1378 2506 a

230 2553 355 2616 Paulo?
1393 2567 1419 2606 co

275 2660 346 2722 Hoc
368 2656 497 2731 idcirco,
522 2657 680 2736 quianon
704 2656 737 2719 in
762 2656 888 2720 nomine
917 2655 1071 2720 trinitatis
1099 2655 1252 2738 baptizati
1281 2659 1375 2720 erant.

231 2766 427 2848 baptismum
456 2763 541 2826 enim
563 2763 711 2827 Iohannis
748 2764 827 2825 licet
863 2762 894 2825 in
933 2782 1007 2826 euru
1044 2762 1099 2844 qni
1136 2765 1292 2826 uenturus
1329 2764 1377 2824 est

230 2873 417 2954 baptizaret,
438 2873 545 2933 taruen
564 2869 689 2951 proprie
709 2869 860 2933 lobannis
883 2869 1065 2951 baptismus
1090 2868 1270 2944 dicebatur;
1295 2867 1376 2931 uude

232 2982 264 3042 et
292 2979 329 3041 ab
358 2976 508 3040 hereticis
537 2976 702 3040 uenientes
731 2995 793 3040 nou
821 2976 1023 3058 baptizantur
1050 2995 1068 3038 a
1094 2975 1197 3050 notia,
1222 2975 1250 3038 si
1277 2975 1376 3055 bapti-

232 3087 319 3148 zatos
344 3085 471 3146 constat
488 3081 521 3145 in
539 3083 666 3145 nomine
685 3082 851 3158 trinitatis
871 3082 933 3145 nisi
950 3082 1100 3163 inpositio
1120 3084 1245 3145 tanturn
1265 3099 1376 3144 manus
1395 3101 1422 3140 rs
1537 3059 1539 3108 ³

232 3190 271 3253 ad
302 3189 398 3253 fidem
429 3192 548 3253 rectam
581 3189 745 3252 conuersis
779 3188 957 3267 adhibetur,
996 3192 1033 3251 ut
1069 3207 1125 3270 per
1161 3189 1242 3252 banc
1280 3187 1380 3252 sancti

232 3297 365 3379 spiritus
389 3295 585 3377 suscipiatur
605 3294 735 3359 infusio.

323 3558 357 3611 10
377 3557 424 3625 (ib.
445 3557 487 3621 10,
508 3557 552 3623 15)
623 3557 656 3610 16
674 3557 711 3609 ib.
734 3556 774 3618 10,
795 3557 828 3610 15
897 3557 929 3610 19
950 3556 996 3626 (ib.
1018 3558 1060 3622 19,
1079 3559 1161 3624 3-5)

267 3716 374 3796 3adeo
399 3715 458 3768 AV
526 3716 723 3784 4acciperunt
746 3716 774 3768 P
845 3718 1028 3786 bexpraessa
1051 3716 1078 3769 V
1149 3717 1181 3770 13
1205 3715 1382 3787 001110101Ρ

234 3835 267 3888 14
284 3799 416 3886 iudae¹P
479 3833 511 3884 15
532 3831 640 3884 domino
660 3848 711 3886 om.
736 3831 763 3886 V
825 3833 857 3886 16
876 3836 953 3901 petro
978 3833 1004 3886 V
1066 3833 1098 3885 18
1118 3831 1322 3902 quid-infusio
1343 3833 1378 3886 te-

230 3955 334 4018 puatar
351 3949 382 4001 r'rr
401 3946 424 4001 S
547 3912 671 4000 duhecim
691 3948 718 4000 P
735 3946 871 4000 duodicim
892 3947 915 4002 S
1039 3948 1071 4001 19
1090 3949 1189 4002 iterum
1208 3949 1340 4018 baptizati
1358 3948 1381 4002 S

233 4064 280 4134 qui
302 4063 425 4116 iohannis
449 4080 499 4116 orn.
530 4062 557 4115 V
648 4065 680 4116 21
708 4063 781 4116 eoS
875 4065 908 4116 22
934 4029 1088 4132 baptismii¹
1109 4064 1136 4117 V
1223 4065 1257 4118 22
1282 4061 1381 4118 eratS

232 4153 267 4206 23
293 4153 418 4222 propriae
446 4152 469 4206 S
576 4152 674 4206 dicitur
706 4153 729 4207 S
818 4154 853 4205 21
886 4153 1030 4207 haereticis
1063 4153 1087 4206 S
1193 4154 1328 4208 uenientis
1357 4153 1379 4204 S

232 4241 266 4294 26
285 4241 376 4294 hocS
