3092 5000
671 407 886 462 Praefatio.
1273 410 1351 474 XIII
1432 408 1436 415 ⁴

201 621 233 683 p.
259 601 345 665 761.
373 603 433 676 15;
459 622 489 683 p.
516 603 557 666 88
582 602 603 666 1.
631 603 690 678 15;
715 621 746 682 p.
773 602 860 668 931.
886 603 949 678 273
974 623 1004 684 p.
1030 603 1117 668 941.
1146 605 1204 678 14;
1229 621 1260 682 p.
1286 604 1350 666 104

200 707 222 770 1.
249 709 278 783 d,
302 708 404 770 multa
433 708 495 770 alia
523 705 638 772 manda
666 707 863 785 exstiterunt,
890 707 975 790 quod
1004 707 1124 772 scribae
1148 707 1233 774 oculi
1257 727 1351 772 0000-

201 813 287 877 bulis
317 813 474 878 similibus
499 814 624 897 decepti
649 819 723 878 sunt
747 817 779 878 ot
803 815 1029 880 aberrauerunt
1051 819 1106 879 ut:
1138 836 1170 896 p.
1195 817 1237 879 69
1261 816 1284 878 1.
1309 816 1349 889 9;

201 940 233 1000 p.
259 920 345 982 791.
373 922 388 983 1
439 923 509 998 etc,
536 920 738 1003 quodetiam
763 920 815 985 hic
838 921 906 984 illic
931 921 968 985 de
993 921 1051 984 AV
1073 924 1170 986 ualet.

246 1026 309 1090 Res
338 1025 402 1089 iam
432 1045 467 1090 eo
497 1029 546 1092 est
574 1027 721 1105 adducta,
750 1029 788 1090 ut
815 1028 854 1091 ad
878 1047 915 1091 ea
938 1047 1018 1109 quae
1041 1047 1137 1110 supra
1159 1030 1234 1091 sunt
1256 1026 1352 1091 intor-

200 1135 313 1217 rogata
357 1133 546 1215 respondere
594 1153 701 1216 queas.
752 1135 929 1215 priorem
971 1135 1352 1199 commentationem

200 1240 397 1304 Eucherii
421 1239 442 1304 S
468 1240 608 1304 codice
634 1239 827 1317 exbiberi,
848 1261 947 1323 qnae
971 1242 1099 1305 denuo
1124 1243 1352 1304 retractata

202 1349 241 1409 et
271 1347 530 1428 amplificata
561 1346 776 1412 codicibus
809 1349 985 1413 alterius
1015 1347 1209 1425 familiae,
1230 1347 1351 1411 cuius

200 1453 427 1536 principem
450 1453 475 1516 P
501 1473 590 1518 esse
620 1456 859 1538 paulopost
884 1454 1266 1531 demonstrabimus
1291 1473 1350 1518 no-

200 1559 265 1623 bis
297 1562 500 1624 seruatam
532 1579 632 1639 esse,
666 1581 726 1626 non
760 1565 818 1639 est,
844 1581 901 1626 cur
922 1561 1069 1625 infitieris
1098 1579 1267 1643 regesque.
1301 1578 1351 1638 ros

200 1685 233 1730 re
267 1686 342 1731 uera
374 1687 469 1749 quam
501 1667 673 1746 rarissima,
707 1688 787 1750 quae
824 1669 969 1733 omnium
1002 1669 1111 1732 oculos
1145 1667 1219 1748 quin
1253 1667 1284 1730 in
1319 1686 1366 1730 se.

202 1792 395 1838 conuersura
414 1774 465 1850 sit,
482 1793 543 1838 non
560 1774 783 1840 dubitauerim.
804 1794 884 1857 quae
904 1794 977 1838 cum
993 1773 1038 1836 ita
1053 1773 1126 1851 sint,
1142 1772 1296 1855 quidquid
1315 1772 1353 1836 de

201 1879 360 1944 eximias
386 1879 503 1944 codicis
527 1880 667 1946 bonitate
690 1881 780 1946 Pitra
801 1901 831 1962 p.
857 1882 1034 1944 492-495
1064 1880 1207 1962 protulit,
1232 1878 1352 1943 nullius

201 1988 252 2049 est
282 1986 444 2051 momenti.
476 1987 758 2068 quotienscumque
786 1987 885 2070 igitur
911 1987 937 2051 S
959 2006 1032 2052 cum
1055 1987 1081 2050 P
1105 1985 1295 2069 congruerit,
1320 1985 1351 2048 iu

200 2094 290 2155 textu
315 2093 535 2157 constituendo
561 2113 633 2157 eum
656 2093 874 2174 respiciemus,
900 2094 1042 2158 diuersas
1067 2095 1174 2157 autem
1198 2091 1353 2155 lectiones

200 2199 235 2262 in
260 2199 503 2278 adnotationem,
529 2219 624 2282 quam
649 2201 758 2264 dicunt
782 2201 934 2277 criticam,
958 2201 1136 2265 reiciemus.
1166 2198 1245 2262 adde
1269 2197 1353 2279 quod

200 2324 259 2386 pro
288 2308 373 2370 certo
402 2305 559 2370 adfirmari
586 2310 692 2387 potest
721 2325 896 2371 sermonem
925 2327 986 2371 non
1015 2307 1112 2370 talem
1136 2305 1238 2388 qualis
1262 2305 1352 2368 nobis

201 2411 236 2474 in
262 2409 444 2477 Sessoriano
470 2414 607 2477 occurrit
628 2414 807 2496 profectum
831 2433 901 2478 csse
928 2414 967 2476 ab
995 2413 1065 2494 ipso
1094 2412 1241 2494 episcopo
1271 2412 1353 2495 Lug-

203 2518 347 2598 dunensi,
377 2540 450 2584 oum
479 2521 575 2585 codex
599 2522 780 2604 spessime
809 2522 913 2586 scriba
940 2522 1104 2585 confectus
1131 2520 1221 2584 uitiis
1251 2519 1353 2583 omnis

203 2626 329 2708 generis
364 2631 493 2691 scateat.
529 2627 614 2708 quod
647 2628 715 2691 eius
743 2627 789 2691 rei
815 2627 936 2691 ratione
964 2626 1074 2691 habita
1101 2645 1209 2691 omnes
1239 2624 1353 2689 discre-

202 2732 328 2814 pantias
363 2733 475 2811 adtuli,
507 2753 568 2798 non
602 2753 722 2809 uereor,
756 2754 793 2797 ne
826 2734 906 2797 mihi
939 2732 1063 2797 crimini
1094 2734 1245 2807 uertatur,
1280 2730 1354 2812 quia

201 2858 316 2902 uerum
349 2840 386 2903 de
421 2840 538 2905 codicis
572 2844 684 2903 natura
715 2840 871 2904 iudicium
907 2840 969 2903 nisi
1003 2839 1149 2904 omnibus
1188 2837 1353 2920 scripturis

200 2945 302 3009 uariis
343 2946 514 3029 propositis
556 2946 624 3011 fieri
664 2946 784 3029 nequit.
841 2946 986 3028 quisquis
1032 2946 1227 3029 linguarum,
1276 2963 1353 3026 quas

203 3052 341 3145 dicimus
365 3053 533 3131 Romanas,
559 3053 673 3137 origini
700 3054 944 3136 perscrutandae
973 3072 1099 3135 operam
1122 3051 1296 3128 nauauerit,
1321 3051 1352 3113 in

202 3161 265 3223 boc
299 3158 407 3225 codice
439 3180 587 3243 magnam
619 3178 757 3223 messem
789 3160 934 3241 reperiet.
962 3160 1032 3223 ideo
1062 3158 1141 3222 mibi
1171 3159 1209 3222 ob
1244 3159 1353 3221 000100

203 3266 423 3343 uersabantur,
449 3268 504 3349 qui
526 3268 679 3331 Huemeri
702 3267 851 3350 uestigiis
875 3268 1012 3351 ingressi
1040 3266 1230 3330 sententiam
1253 3264 1354 3346 philo·
1371 3268 1388 3279 '

201 3374 351 3455 logorunr
371 3372 526 3437 Viennam
541 3393 619 3437 anno
639 3375 861 3456 praetermisso
882 3375 1149 3456 congregatorum
1169 3374 1243 3434 sunt
1266 3391 1353 3435 sccu-

202 3478 271 3541 1011
293 3478 351 3562 (Cf.
376 3480 642 3563 Verbandlungen
670 3479 724 3544 dor
753 3480 1084 3561 zweiundvierzigsten
1108 3478 1355 3563 Versammlung

202 3584 375 3650 deutschen
393 3586 580 3670 Philologen
603 3586 667 3650 und
688 3586 926 3651 80110111110001·ο
951 3586 1010 3648 Ι)10
1031 3586 1219 3668 Sammlung
1242 3587 1354 3668 vulgai-

201 3692 408 3757 lateinischer
430 3692 645 3757 Wortformen
668 3714 698 3775 p.
726 3688 929 3776 279-280.)
960 3695 1097 3755 attamen
1122 3692 1297 3756 Eucherius
1322 3692 1354 3755 in

201 3798 391 3861 uniuersum
409 3800 497 3881 prius
518 3803 731 3863 commentum
755 3819 817 3863 non
841 3799 933 3863 ualde
957 3801 1119 3862 mutatum
1143 3798 1354 3880 secundisque

203 3905 292 3968 curis
319 3904 478 3969 uariatum
506 3906 539 3969 in
567 3906 593 3969 P
620 3906 749 3988 recepit,
778 3906 862 3969 unde
890 3908 1011 3969 tactum
1040 3908 1098 3983 est,
1128 3909 1166 3970 ut
1188 3906 1300 3969 melior
1322 3906 1355 3968 in

204 4010 321 4075 ceteris
346 4012 493 4092 operibus
522 4032 591 4077 0000
621 4013 756 4093 scriptor
784 4012 1029 4096 diligentiorque
1061 4012 1093 4075 in
1127 4012 1355 4093 compositione

201 4117 318 4181 multis
360 4118 521 4183 uideretur
558 4119 619 4203 (of.
653 4118 754 4199 Rcmp
791 4116 923 4182 00111101.
953 4118 1094 4181 Histoire
1126 4118 1269 4201 pectorale
1303 4119 1356 4180 des

202 4227 334 4287 auteurs
356 4230 459 4289 sacres
482 4230 509 4289 01
528 4225 775 4306 000100100110000.
799 4225 893 4289 Poris
917 4228 1136 4289 1729-1763
1156 4224 1240 4289 Touo.
1263 4222 1362 4286 XIII

193 4352 232 4411 pr.
261 4331 354 4408 549).
