3092 5000
504 376 823 429 instructionum
846 374 912 429 lib.
938 376 960 429 1.
1070 396 1074 405 ‘
1243 379 1304 441 109

196 572 241 636 Χ.
262 570 346 650 Quid
364 571 616 655 intellegendum
636 574 686 636 est
703 572 773 635 loco
792 572 848 636 illo
868 571 900 635 in
920 590 981 653 quo
1003 572 1166 636 scribitur:
1188 574 1303 649 orate,

148 696 196 740 ne
224 679 297 741 1161
320 678 410 761 fuga
433 681 563 742 uestra
585 678 708 741 bieme
732 679 794 742 661
818 678 999 747 sabbato?

197 818 382 884 Secundum
415 820 582 885 historiam
612 821 658 883 ita
690 818 943 903 intellegendum
976 825 1035 898 est,
1069 838 1107 884 ne
1140 818 1196 883 fiat
1227 820 1303 903 fuga

145 928 263 990 uestra
281 926 395 1003 bieme,
414 927 448 991 id
468 930 526 1003 est,
547 926 769 991 retribulatio
790 926 884 1009 fugae
907 928 1060 1008 temporis
1085 927 1304 992 accumuletur

2 1078 3 1082 ,
114 1031 276 1099 ciniuria.
310 1053 348 1097 ne
377 1033 432 1097 fiat
459 1034 537 1116 fuga
568 1035 676 1097 uestra
709 1033 854 1097 sabbato:
888 1052 926 1097 ne
956 1053 992 1097 eo
1021 1034 1132 1115 utique
1161 1034 1211 1097 die
1240 1053 1301 1115 quo

144 1138 266 1203 habere
293 1140 436 1221 requiem
464 1139 725 1221 uacationemque
750 1140 939 1207 consuestis,
970 1143 1003 1204 at
1025 1160 1101 1205 uero
1125 1140 1300 1204 secundum

144 1244 352 1311 intellectum
376 1246 581 1327 superiorem,
601 1266 641 1310 ne
659 1247 714 1311 fiat
732 1247 810 1330 fuga
832 1248 940 1311 uestra
963 1245 1068 1310 bieme
1092 1247 1145 1310 uel
1169 1247 1299 1312 sabbato

145 1351 196 1415 ita
219 1354 321 1435 accipi
344 1356 467 1436 potest:
492 1372 530 1416 ne
550 1372 609 1417 uos
628 1352 706 1437 fuga
724 1353 781 1417 illa
799 1352 1016 1435 deprehendat
1035 1352 1140 1415 autin
1159 1352 1299 1435 peccatis

147 1460 295 1543 algentes
320 1463 376 1523 aut
398 1460 489 1523 bonis
515 1460 664 1541 operibus
689 1460 822 1525 otiosos

101 1624 126 1660 ιο
194 1602 249 1667 XI.
274 1602 310 1665 ln
353 1602 465 1667 eodem
488 1602 652 1666 Matthaeo
687 1602 849 1666 scribitur:
886 1601 975 1665 dico
1006 1604 1138 1665 autem
1162 1601 1298 1665 uobis:

2 1687 3 1706 ³
146 1726 224 1771 non
248 1707 381 1771 bibam
406 1709 545 1773 amodo
570 1708 615 1772 de
646 1710 718 1772 boc
742 1708 947 1792 genimine
972 1707 1075 1771 uitis
1106 1707 1297 1789 usquein

148 1814 254 1879 diem
287 1816 406 1879 illum
440 1834 515 1898 quo
548 1815 656 1879 illud
689 1815 824 1879 bibam
849 1815 1064 1879 uobiscum
1088 1834 1235 1879 nouum
1258 1816 1296 1880 in

147 1940 271 2005 regno
295 1924 427 2005 patris
450 1923 544 1998 mei3
570 1922 646 2004 quid
669 1922 721 1987 bic
746 1926 936 2005 sequemur?

2 2129 3 2166 1
193 2062 340 2147 Regnum
372 2063 432 2139 dei,
463 2067 500 2128 ut
533 2064 619 2129 docti
648 2065 908 2147 interpretantur,
938 2062 1074 2127 66616616
1097 2066 1147 2127 661
1178 2063 1297 2146 inqua

105 2191 128 2229 15
150 2169 282 2233 cottidie
314 2170 397 2234 bibit
428 2171 616 2254 sanguinem
649 2190 744 2235 suum
779 2169 925 2235 Christus
957 2189 1013 2253 per
1050 2172 1177 2234 sanctos
1220 2189 1295 2234 suos

149 2278 312 2358 tamquam
337 2280 431 2359 caput
455 2276 485 2340 in
510 2278 662 2341 membris
686 2277 765 2342 6616.

193 2417 263 2481 XII.
290 2415 374 2496 Quid
404 2437 517 2483 causae
551 2422 611 2496 est,
646 2418 730 2502 quod
763 2418 894 2482 dicitur:
920 2418 1057 2482 amodo
1091 2418 1292 2482 uidebitis

149 2524 287 2587 filium
316 2525 494 2590 bominis
524 2526 731 2590 sedentem
756 2524 802 2588 ad
827 2524 1031 2588 dexteram
1055 2524 1231 2589 uirtutis
1256 2527 1294 2589 et

2 2700 3 2709 χ
150 2630 383 2694 uenientem
406 2631 445 2695 in
469 2632 648 2696 nubibus
674 2631 803 2695 caeli?
843 2629 958 2694 etalio
987 2630 1057 2694 1666
1087 2630 1204 2694 dicitur
1231 2650 1293 2695 non

2 2756 4 2807 3
103 2761 129 2797 6
150 2737 273 2800 uisuros
297 2738 478 2800 uenientem
501 2736 534 2799 in
557 2736 696 2801 nubibus
721 2737 801 2801 caeli
824 2737 885 2802 nisi
909 2737 941 2799 in
969 2736 1145 2801 nouissimo
1169 2739 1294 2800 tanturn

150 2841 197 2904 die
224 2843 470 2926 plangentes
501 2862 634 2908 omnes
663 2843 799 2907 tribus
829 2846 962 2906 terrae
993 2846 1030 2906 et
1057 2847 1154 2908 tunc
1185 2844 1292 2908 uide-

149 2947 243 3011 bunt
267 2948 403 3012 filium
427 2950 604 3014 bominis
628 2950 666 3014 in
691 2951 869 3014 nubibus
894 2950 1024 3014 caeli?

2 3164 3 3171 ἵ
191 3088 271 3168 Quia
302 3091 334 3153 in
368 3092 428 3154 hoc
459 3091 561 3175 primo
595 3091 745 3174 corporis,
779 3090 812 3154 id
850 3093 909 3168 est,
944 3091 1097 3155 ecclesiae
1135 3091 1290 3155 aduentus

2 3194 3 3223 l
37 3232 40 3239 ·
148 3195 350 3261 adnuntiatur
371 3217 428 3281 per
450 3198 742 3263 manifestationem
773 3197 1015 3279 claritatemque
1040 3198 1213 3283 signorum,
1237 3198 1291 3262 ille

2 3324 4 3369 2
102 3327 128 3367 6
148 3321 219 3368 uero
244 3303 326 3367 alius
351 3303 509 3368 aduentus
534 3304 647 3385 capitis
672 3306 731 3380 est,
755 3303 789 3367 id
813 3305 871 3376 est,
896 3303 999 3384 ipsius
1025 3302 1153 3368 Christi.
1177 3303 1210 3366 in
1233 3303 1289 3368 illo

2 3415 3 3425 ’
146 3409 282 3474 6166616
314 3429 370 3492 per
405 3411 548 3474 membra
580 3430 638 3475 sua
672 3409 818 3474 Christus
860 3409 958 3487 uenit,
996 3408 1029 3472 in
1066 3409 1126 3474 boc
1163 3430 1219 3492 per
1256 3429 1289 3474 se

144 3515 258 3598 ipsum.

230 3759 364 3813 lMatth.
383 3760 426 3824 24,
446 3761 481 3814 20
541 3761 575 3815 10
593 3761 630 3814 ib.
650 3761 693 3824 26,
713 3760 747 3814 29
808 3759 896 3812 1711).
917 3758 960 3823 26,
981 3758 1015 3812 64
1079 3757 1111 3810 21
1132 3757 1169 3812 ib.
1188 3757 1232 3822 24,
1253 3758 1287 3812 30

175 3901 355 3954 66666616116
374 3901 433 3954 AV
525 3900 613 3972 ueros!
632 3902 659 3954 P
730 3900 816 3970 sica]
836 3901 864 3954 id
882 3899 941 3954 AV
1040 3897 1244 3968 depraehendat
1261 3899 1289 3952 P

139 3983 253 4070 9⁵b0nis
273 4019 301 4083 (a
320 4016 386 4071 add.
405 4034 440 4070 m.
460 4020 490 4085 2)
510 4017 537 4070 P
555 4018 583 4070 in
601 4016 680 4070 bouis
699 4017 757 4071 AV
816 4017 917 4070 otiosos
936 4017 968 4070 16
985 4031 1041 4070 ras.
1060 4015 1088 4068 P
1105 4014 1182 4083 (add.
1202 4031 1234 4068 rc.
1256 4017 1286 4075 2)

140 4105 227 4160 otiosa
240 4105 300 4158 AV
353 4106 385 4160 12
404 4105 484 4176 illud]
504 4106 582 4159 illum
596 4106 655 4158 AV
708 4105 742 4160 14
760 4107 802 4174 61]
822 4103 968 4174 quodAV
1036 4103 1288 4173 interpraetaturP

3 4194 4 4253 j
62 4196 65 4200 ’
141 4195 173 4248 15
192 4194 292 4248 cotidie
316 4195 343 4246 V
411 4195 446 4249 20
464 4195 643 4248 6661661666
667 4193 740 4249 diem
757 4194 817 4248 AV
886 4194 919 4247 21
940 4193 1065 4248 tribubus
1085 4193 1112 4246 A
1184 4192 1219 4246 26
1239 4190 1286 4245 61-

139 4287 220 4336 uento
240 4278 298 4336 AV
