3092 5000
515 327 832 383 Instructionum
857 328 922 382 lib.
945 327 968 382 I.
1256 333 1318 396 135

174 523 345 588 sanitatum
374 526 407 587 et
430 523 627 587 diuersarum
657 524 861 607 perceptione
893 524 1076 606 linguarum
1109 524 1195 588 iuxta
1227 525 1319 601 illud,

175 630 255 711 quod
284 629 403 694 eisdem
433 631 544 696 eodem
573 629 623 694 die
650 630 845 712 promissum
876 630 991 707 fuerat,
1021 640 1058 695 ut
1083 631 1321 712 baptizarentur

174 737 284 820 spiritu
308 740 417 801 sancto
443 740 475 801 et
496 736 705 802 induerentur
731 736 853 801 uirtute
881 755 944 818 qua
972 737 1175 820 euangelium
1200 736 1319 803 Christi

173 843 332 908 uniuersis
354 843 481 927 possint
504 845 655 929 gentibus
677 844 870 927 praedicare.
893 844 925 907 in
944 845 1003 908 hac
1023 862 1097 927 ergo
1116 845 1319 927 perceptione

144 949 274 1014 ssancti
305 950 439 1033 spiritus
476 950 651 1016 secundum
690 950 866 1016 dominicae
903 950 1024 1034 gratiae
1061 950 1319 1016 distributionem

174 1058 391 1138 apostolorum
436 1056 672 1123 demonstratur
716 1058 888 1139 profectus,
931 1075 993 1121 nou
1036 1058 1320 1141 compugnantium

173 1165 343 1229 diuersitas
367 1166 606 1248 scripturarum.
630 1168 662 1229 et
684 1166 787 1243 aliter,
813 1184 906 1247 quare
929 1165 979 1229 bis
1005 1165 1098 1229 datus
1123 1164 1165 1229 sit
1188 1164 1319 1246 spiritus

174 1274 313 1348 sanctus,
343 1272 468 1356 egregie
496 1271 625 1354 quidam
653 1271 764 1336 doctor
787 1271 935 1354 exposuit
958 1270 1065 1335 diceus
1090 1271 1128 1335 de
1153 1290 1200 1351 eo,
1225 1290 1320 1355 quem

173 1378 312 1460 primum
339 1377 392 1441 hic
420 1377 562 1440 saluatur
587 1396 645 1460 per
666 1396 701 1441 se
724 1377 832 1459 ipsum
856 1377 944 1441 dedit
967 1378 1000 1441 et
1023 1377 1061 1441 de
1086 1377 1181 1443 caelis
1209 1380 1320 1460 postea

134 1504 157 1541 ιο
172 1484 271 1563 misit,
295 1486 334 1547 ut
356 1482 588 1567 significaretur
615 1483 743 1548 dilectio
771 1484 906 1566 proximi
934 1487 967 1549 et
994 1483 1123 1549 dilectio
1153 1484 1215 1563 dei,
1239 1503 1320 1567 quae

171 1592 201 1655 in
231 1591 381 1656 cordibus
411 1593 594 1654 sanctorum
616 1609 672 1673 per
695 1590 845 1673 spiritum
874 1594 1021 1656 sanctum
1046 1590 1232 1655 diffunditur
1264 1590 1319 1672 qui

173 1698 266 1763 datus
291 1698 421 1763 osteis.

214 1806 273 1870 Ill.
301 1805 348 1868 Ad
371 1804 655 1885 euangelizaudum
688 1804 739 1867 dei
771 1804 906 1868 uerbum
948 1803 1004 1887 qui
1037 1805 1177 1887 apostoli
1201 1806 1319 1888 quibus

22 1977 23 1988 ,
171 1930 241 1975 sese
265 1911 350 1975 orbis
373 1910 517 1993 partibus
540 1911 739 1974 intulerunt?

21 2037 22 2062 1
130 2036 154 2076 11
216 2016 379 2096 Quantum
406 2021 512 2081 narrat
539 2017 682 2095 historia,
707 2016 972 2081 Bartholomaeus
995 2017 1027 2080 in
1051 2016 1158 2095 Indos,
1182 2017 1319 2083 Thomas

171 2124 308 2188 tetendit
343 2124 376 2188 in
413 2123 558 2202 Parthos,
587 2124 772 2189 Matthaeus
801 2124 985 2206 Aethiopes,
1014 2124 1156 2189 Andreas
1185 2124 1319 2209 Scythas

171 2230 407 2312 praedicatione
434 2231 584 2307 molliuit,
613 2230 770 2295 lohannes
795 2230 904 2293 Asiam
933 2229 1041 2293 diuino
1075 2250 1218 2295 sermone
1254 2251 1320 2297 cor-

170 2338 260 2415 rexit,
284 2338 399 2402 Petrus
425 2336 657 2419 Cappadociam
681 2339 776 2418 atque
802 2335 971 2414 Galatiam,
995 2336 1179 2420 Bithyniam
1202 2339 1321 2420 pariter
1356 2422 1360 2429 ι

172 2448 205 2510 et
235 2445 375 2510 Pontum
407 2444 651 2528 prouinciasque
684 2443 833 2520 confines,
868 2444 942 2508 dum
975 2444 1102 2510 ludaeis
1135 2446 1319 2529 praedicans

129 2570 154 2608 2⁰
172 2552 310 2630 cirumit,
338 2554 501 2634 postremo
529 2553 663 2616 Romam
690 2551 919 2616 inlustraturus
948 2551 1094 2616 accessit.
1132 2552 1251 2618 Paulus
1280 2555 1318 2618 ab

171 2659 375 2724 Hierusalem
403 2677 505 2741 usque
533 2657 699 2741 Illyricum
727 2676 800 2721 cum
830 2659 995 2742 euangelio
1023 2658 1225 2742 repleuisset,
1253 2664 1319 2725 tam

170 2767 352 2831 innumeras
386 2784 422 2829 ac
456 2765 598 2848 dispares
631 2764 775 2828 nationes
806 2765 984 2849 praeceptis
1021 2767 1186 2848 tamquam
1224 2767 1319 2831 armis

171 2873 273 2937 uictor
296 2872 448 2940 edomuit.

215 2977 288 3042 IIII.
322 2977 403 3042 Cum
426 2978 459 3041 in
483 2977 609 3043 actibus
642 2979 861 3059 apostolorum
893 2978 1032 3062 primum
1064 2981 1205 3063 legatur:
1239 2979 1319 3043 uiri

12 3116 13 3127 ¹
127 3110 153 3150 ss
173 3089 305 3149 autem
325 3086 394 3167 qui
412 3084 716 3149 comitabantur
735 3103 822 3148 curn
842 3103 896 3162 eo,
921 3084 981 3149 hoc
1001 3088 1051 3149 est
1069 3104 1142 3149 cum
1163 3088 1318 3169 apostolo,

173 3192 339 3256 stabant
362 3193 594 3274 stupentes,
614 3190 831 3254 audientes
851 3190 1013 3272 quidam
1033 3211 1182 3270 uocem,
1203 3193 1319 3257 nemi·

172 3317 255 3362 nem
286 3301 419 3362 autem
448 3297 651 3373 uidentes,
681 3316 744 3379 quo
773 3296 868 3361 modo
897 3301 1009 3379 postea
1033 3298 1199 3380 apostolus
1224 3298 1318 3363 dicit:

172 3407 210 3468 et
242 3406 310 3487 qui
341 3424 493 3470 mecum
526 3407 640 3468 erant
666 3405 801 3468 lumen
831 3404 991 3487 quidem
1021 3405 1225 3483 uiderunt,
1256 3426 1317 3471 uo·
1350 3469 1353 3476 .

259 3612 367 3681 2(Act.
389 3614 413 3681 1,
432 3614 460 3683 5)
518 3613 548 3667 11
569 3613 649 3682 (Rom
677 3612 703 3675 5,
724 3613 751 3680 5)
808 3612 1078 3680 21(R0m.15,19)
1135 3613 1171 3667 24
1183 3613 1243 3671 Act.
1259 3614 1315 3678 9,7

171 3701 206 3756 28
224 3701 262 3756 ib.
281 3702 362 3767 22,9

206 3845 222 3896 2
242 3844 316 3898 eisde
334 3844 392 3898 PV
481 3845 515 3899 13
534 3844 741 3914 qui-edomuit
757 3843 941 3897 inueniuntur
957 3844 988 3896 iu
1007 3844 1029 3897 S
1119 3844 1182 3912 quia
1201 3843 1319 3912 apostoli

171 3948 229 3986 sese
254 3933 327 3986 orbis
350 3934 473 4004 pertibus
497 3934 652 3988 intulerunt
674 3935 702 3987 P
774 3934 808 3988 15
831 3932 1035 3988 bartholomeus
1054 3933 1139 3986 PAV
1210 3933 1243 3987 16
1266 3932 1317 3985 sci-

168 4021 242 4126 stirias
257 4021 279 4076 S
297 4026 387 4092 scytes
407 4023 467 4077 AV
555 4024 588 4078 17
606 4023 716 4078 moliuit
735 4022 759 4078 S
829 4022 863 4075 18
877 4022 1019 4092 bytyniem
1033 4021 1092 4077 AV
1108 4021 1277 4075 beithaniam
1297 4020 1320 4075 S

170 4140 249 4207 pater
266 4139 294 4192 P
375 4139 408 4192 19
427 4138 541 4193 confinis
559 4140 587 4193 P
666 4138 702 4192 20
721 4139 817 4192 circuit
836 4137 889 4192 SV
964 4137 997 4190 21
1017 4135 1187 4190 illiricurnS
1257 4151 1316 4188 curn

168 4268 221 4306 om.
241 4251 368 4321 Stupro
387 4254 436 4308 lin.
456 4254 483 4307 P
553 4251 771 4324 repliuisllsitS
822 4253 857 4306 22
876 4217 992 4306 inurireras
1011 4252 1039 4305 P
1109 4250 1236 4320 desperes
1255 4252 1283 4303 P
