3092 5000
251 364 293 426 84
555 362 582 415 S.
606 361 794 415 Eucherii
817 361 1097 432 Lugdunensis

296 557 493 621 Descendere
526 557 672 622 dominus
706 558 833 636 dicitur,
857 559 981 641 quando
1010 558 1125 623 habere
1150 579 1258 623 curam
1280 559 1398 642 fragili-

251 663 328 728 tatis
346 662 501 729 humanae
521 664 684 729 euidenter
705 664 832 729 indiciis
856 665 1116 749 dignantissimae
1139 666 1271 748 pietatis
1296 668 1398 730 osten-

254 770 348 834 ditur.
379 769 424 836 sic
454 773 486 834 et
509 769 614 854 angeli
642 790 698 852 pel·
725 769 815 835 illam
838 770 933 836 Iacob
964 772 1083 836 scalam
1112 772 1321 836 ascendentes
1349 771 1399 836 de·

253 877 502 959 scenduntesque
534 881 731 942 terrenorum
763 877 983 941 uisitationem
1016 899 1078 944 non
1112 879 1238 944 ruinam
1274 879 1401 943 descen-

254 983 396 1049 dentium
427 984 568 1048 indicant
600 985 795 1068 angelornm.
830 983 876 1048 sic
905 988 938 1049 et
966 986 1151 1050 excelsiores
1183 985 1309 1050 iustitia
1340 986 1402 1048 uiri
1433 1008 1446 1043 a

254 1091 442 1156 descendere
478 1093 641 1172 putantur,
680 1091 708 1155 si
745 1090 869 1173 quando
907 1092 1165 1157 condescendens
1199 1091 1402 1158 inferioribus

255 1199 382 1262 sanctae
406 1197 546 1262 caritatis
568 1197 733 1262 instinctu.

727 1406 781 1460 DE
799 1407 930 1461 ESAIA.

301 1516 326 1581 l.
352 1513 436 1594 Quid
458 1514 709 1598 intellegendum
734 1517 785 1580 est
802 1515 835 1579 in
855 1515 977 1579 cantico
992 1514 1106 1578 Esaiae
1129 1516 1405 1597 p1·ophetae‚·cum

258 1622 350 1686 dicit:
390 1621 548 1686 cantabo
587 1621 728 1685 dilecto
765 1639 845 1685 meo
884 1621 1074 1685 canticum
1111 1621 1301 1703 patruelis
1335 1621 1406 1685 mei
1427 1650 1450 1683 10

258 1729 391 1793 uineae
429 1746 529 1805 suae,
563 1728 680 1792 uinea.
706 1727 808 1792 facta
841 1730 900 1792 est
932 1727 1076 1793 dilecto
1109 1747 1188 1793 meo
1221 1728 1258 1792 in
1292 1747 1407 1793 cornu

258 1835 344 1899 filio
370 1832 465 1898 olei?

302 1940 367 2006 Alii
403 1941 463 2004 hoc
501 1938 661 2004 canticum
694 1958 712 2002 a
744 1939 859 2021 spiritu
898 1943 1007 2005 sancto
1046 1939 1165 2004 cantari
1200 1942 1326 2022 putant,
1355 1940 1410 2003 alii

261 2048 454 2130 apropheta
486 2046 541 2128 qui
565 2064 663 2128 aeque
688 2047 798 2110 sancto
823 2045 936 2127 spiritu
960 2066 1083 2111 uacuus
1107 2066 1169 2111 non
1193 2049 1270 2111 erat.
1305 2048 1410 2109 cantat

261 2159 368 2220 autem
400 2154 432 2217 iu
463 2154 627 2235 planctum
660 2153 771 2216 uineae
806 2172 892 2230 suae,
927 2173 1008 2237 quae
1045 2156 1094 2219 est
1131 2154 1244 2219 domus
1277 2154 1409 2219 Israhel.
1430 2176 1454 2214 11

262 2263 398 2327 dilectus
424 2263 530 2324 aulem
553 2259 645 2324 Iesus
671 2258 817 2325 Christus
842 2263 900 2324 est.
924 2261 988 2343 ipsi
1011 2261 1094 2325 enim
1125 2261 1246 2325 dictum
1274 2263 1338 2325 est:
1371 2264 1411 2323 tu

264 2390 301 2435 es
325 2369 436 2433 filius
460 2385 563 2430 meus
588 2365 765 2444 dilectus,
785 2366 891 2448 ipsum
912 2370 944 2432 et
961 2369 1138 2450 patruelem
1158 2369 1306 2450 appellat,
1328 2367 1413 2450 quod

264 2499 300 2544 ox
324 2477 434 2541 eadem
458 2474 500 2539 sit
523 2473 620 2556 stirpe
643 2473 845 2557 progenitum
869 2474 948 2539 haec
972 2494 1045 2559 ergo
1069 2475 1163 2540 uinea
1185 2474 1248 2557 ipsi
1270 2476 1413 2557 plantata

265 2587 314 2649 est
345 2584 377 2646 in
412 2600 518 2657 comm
552 2578 637 2663 quod
669 2582 718 2644 est
753 2580 786 2643 in
824 2581 1021 2645 sublimitate
1059 2585 1155 2664 atque
1191 2582 1322 2659 uirtute,
1361 2580 1413 2664 qui

265 2692 402 2755 dilectus
431 2691 463 2752 et
489 2687 576 2751 filius
605 2693 655 2750 est
678 2686 750 2764 olei,
775 2687 850 2769 quia
877 2691 992 2752 unctus
1021 2688 1074 2765 sit,
1097 2688 1181 2753 unde
1210 2691 1242 2752 et
1267 2687 1413 2753 Christus
1432 2711 1456 2748 so

265 2800 408 2872 uocatur,
433 2795 487 2857 uel
509 2793 584 2875 quia
607 2793 693 2859 omui
724 2794 844 2859 mundo
876 2797 1039 2876 tamquam
1072 2794 1275 2877 splendidum
1304 2794 1413 2857 lumen

265 2901 423 2967 inluxerit.
446 2900 478 2964 in
501 2900 562 2965 hoc
595 2900 718 2965 cantico
751 2919 848 2963 uuam
880 2901 1038 2965 iustitiam
1071 2903 1211 2983 appellat
1243 2904 1275 2964 et·
1307 2900 1414 2982 spinas

148 3082 149 3085 Ἴ
266 3008 479 3091 iniquitatem.

312 3116 353 3181 ll.
378 3114 414 3177 ln
437 3113 549 3177 Esaiae
572 3113 695 3178 uisione
725 3132 798 3178 cum
830 3113 914 3178 uidit
946 3114 1110 3178 dominum
1134 3114 1298 3178 sedentem
1322 3132 1416 3194 super

269 3223 395 3299 solium,
435 3220 489 3303 qui
524 3221 707 3285 intellectus
746 3222 795 3285 esi
836 3220 875 3285 de
917 3240 962 3294 eo,
1006 3221 1091 3302 quod
1131 3220 1190 3283 ait:
1233 3219 1415 3301 Seraphin
1432 3249 1457 3287 11

270 3329 422 3393 stabant
454 3346 566 3408 super
597 3327 706 3404 illud,
741 3346 803 3391 sex
832 3328 914 3391 alae
941 3328 1007 3391 uni
1036 3330 1073 3391 et
1101 3346 1163 3391 sex
1187 3328 1267 3391 alae
1292 3325 1414 3390 alteri.

271 3434 416 3499 duabus
440 3434 598 3498 uelabat
620 3433 757 3497 faeiem
783 3433 865 3497 eius
891 3435 927 3497 et
957 3433 1102 3497 duabus
1125 3433 1280 3497 uelabat
1304 3432 1415 3514 pedes

272 3544 354 3609 eius
379 3544 415 3603 et
439 3540 584 3605 duabus
609 3540 766 3604 uolabat
796 3543 832 3604 et
856 3541 1044 3605 clamabat
1068 3540 1231 3603 altered
1256 3540 1416 3603 alterum

362 3802 378 3856 3
404 3801 482 3869 (Gen.
508 3802 549 3867 28,
575 3803 619 3871 12)
700 3802 732 3855 10
755 3802 801 3858 Es.
826 3804 850 3865 5,
876 3802 889 3854 1
977 3802 1011 3855 16
1036 3802 1119 3857 Hebr.
1146 3802 1170 3865 1,
1194 3802 1264 3855 5=
1282 3802 1327 3855 Ps.
1352 3804 1377 3864 2,
1402 3805 1416 3855 7

272 3894 305 3947 25
325 3893 369 3948 Es.
389 3893 413 3956 6,
433 3891 503 3945 2-3

311 4098 324 4149 1
346 4094 502 4149 discendere
520 4095 548 4148 P
614 4096 630 4147 2
650 4094 857 4164 dignantissime
877 4095 904 4147 P
974 4095 990 4147 3
1011 4097 1038 4147 et
1057 4110 1107 4147 coc.
1129 4093 1155 4143 V
1223 4093 1238 4146 7
1258 4060 1376 4148 instiritu
1394 4094 1421 4147 P

277 4186 307 4240 11
333 4186 413 4239 uinea
437 4185 508 4237 esaie
527 4184 553 4237 V
624 4186 657 4238 14
686 4202 701 4238 a
729 4200 780 4238 11111.
800 4184 859 4236 AV
928 4184 962 4237 22
981 4184 1105 4237 iustitiae
1129 4183 1154 4235 V
1225 4184 1259 4236 25
1279 4185 1375 4237 serafin
1394 4184 1420 4235 P

276 4276 381 4328 serafim
401 4273 458 4326 AV
