3092 5000
498 427 815 481 Instructionum
842 426 906 480 lib.
934 424 956 480 1.
1237 429 1299 491 129

150 640 226 705 ergo
251 621 355 687 carnis
384 623 524 705 appellat
550 622 790 685 tribulationem
815 622 916 685 earnis
941 623 974 683 et
997 621 1146 704 angelum
1171 625 1300 684 satanae

150 728 241 793 illum
266 748 328 811 quo
354 729 446 811 quasi
468 729 637 793 inmissore
663 731 752 793 tanta
775 728 832 791 illa
854 730 1025 809 pateretur.

579 938 632 991 AD
657 935 872 991 EPHESIOS.

195 1047 264 1127 Quo
293 1048 387 1112 modo
415 1046 666 1130 intellegendum
695 1048 745 1109 est
772 1046 842 1123 hoc,
873 1044 957 1127 qnod
981 1045 1144 1127 apostolus
1179 1044 1299 1121 scribit,

118 1155 235 1237 equod
253 1153 521 1239 proposuerit
540 1152 725 1217 domiuus
745 1152 782 1215 iu
803 1152 1156 1235 dispensationem
1175 1152 1300 1233 pleni-

150 1261 311 1325 tudinis
348 1263 575 1342 temporum
610 1260 845 1323 instaurare
883 1259 1014 1323 omnia
1050 1258 1089 1322 iu
1122 1257 1299 1336 Christo,

150 1387 249 1451 quae
274 1369 313 1431 in
337 1368 464 1432 caelis
489 1370 528 1432 et
551 1386 651 1449 quae
674 1366 713 1430 iu
737 1368 848 1429 terra
871 1366 1027 1429 suntin
1052 1365 1167 1447 ipso?

194 1476 277 1539 Uere
305 1474 422 1537 mirum
450 1477 511 1552 est,
541 1474 617 1558 quid
646 1492 730 1537 nunc
756 1476 921 1555 reparetur
947 1473 979 1536 in
1014 1473 1112 1536 caelo.
1137 1473 1302 1555 reparatur

149 1601 221 1665 ergo
247 1582 425 1646 secuudum
449 1580 631 1663 opinionem
654 1580 854 1662 quorundam
877 1578 931 1643 illa
957 1598 1036 1661 quae
1061 1599 1135 1644 cum
1157 1579 1300 1663 principe

106 1708 131 1745 10
149 1707 207 1753 suo
233 1688 351 1753 cecidit
378 1687 565 1771 angelorum
597 1686 700 1769 portio
728 1706 785 1769 per
813 1688 1021 1769 augmentum
1051 1686 1300 1766 societatemque

150 1798 334 1859 sanctorum
368 1794 405 1857 10
438 1794 555 1877 quibus
589 1794 756 1858 scribitur:
792 1793 860 1857 sed
894 1795 988 1856 sunt
1021 1792 1131 1855 sicut
1165 1792 1301 1876 angeli

148 1901 186 1965 in
216 1902 340 1965 caelo.
379 1903 565 1982 reparantur
593 1920 719 1982 quoque
748 1899 854 1965 omnia
877 1900 909 1962 in
933 1908 1025 1975 terra,
1051 1918 1123 1963 cum
1148 1899 1244 1962 etiam
1268 1899 1299 1962 in

146 2008 255 2072 locum
280 2008 495 2072 deficientium
520 2007 710 2070 Iudaeorum
739 2005 952 2068 admittuntur
976 2005 1138 2069 credentes
1164 2025 1199 2068 ex
1224 2025 1300 2089 geu-

147 2115 246 2179 tibns.
279 2122 311 2179 et
348 2113 454 2179 aliter:
491 2113 709 2178 instaurantur
739 2131 819 2194 qnae
850 2115 926 2176 sunt
954 2112 986 2175 in
1017 2115 1109 2190 terra,
1136 2112 1211 2177 dum
1242 2132 1299 2177 nos

106 2240 130 2277 1⁵
148 2240 204 2304 per
218 2221 403 2286 mediatoris
420 2221 521 2287 nostri
536 2220 724 2304 sanguinem
739 2219 1092 2302 reconciliationemque
1108 2239 1298 2301 reparamur.

147 2332 333 2409 reparantur
361 2329 521 2405 caelestia,
546 2346 620 2391 cum
645 2326 683 2390 de
708 2326 811 2390 salute
841 2329 949 2390 nostra
978 2326 1129 2410 gaudium
1158 2326 1301 2391 nascitur

148 2436 345 2520 augelorum.

192 2543 233 2607 ΙΙ.
265 2541 350 2621 qnia
381 2546 441 2621 est,
476 2543 560 2625 quod
594 2542 758 2624 apostolus
786 2540 930 2622 loquitur
958 2540 996 2604 10
1025 2538 1084 2604 deo
1112 2543 1218 2622 patre:
1258 2561 1299 2604 ex

149 2669 224 2731 quo
260 2651 387 2714 omnis
420 2649 652 2734 paternitas
681 2649 719 2711 in
750 2647 879 2712 caelis
909 2649 947 2710 et
975 2647 1013 2710 in
1042 2650 1151 2710 terra
1179 2648 1297 2711 norni-

104 2774 130 2811 ao
147 2760 290 2820 natur?

193 2861 277 2941 Quia
304 2883 377 2928 cum
405 2862 459 2928 ille
488 2864 579 2927 nobis
608 2866 697 2945 pater
725 2862 847 2944 primus
877 2865 909 2925 et
936 2879 1032 2925 uerus
1063 2861 1114 2937 sit,
1144 2861 1182 2924 ab
1211 2861 1299 2925 illius

148 2970 275 3034 nomine
299 2969 471 3048 ominatur,
496 2970 620 3051 qnando
646 2970 700 3034 alii
723 2974 828 3051 patres
853 2969 1061 3051 appellantur.

192 3076 250 3140 ΠΙ.
291 3074 360 3154 Quo
398 3075 493 3140 modo
531 3076 696 3156 apostolus
735 3075 830 3139 dicit:
872 3075 1025 3139 honora
1065 3077 1218 3157 patrem
1262 3077 1300 3138 et

147 3187 325 3259 matrem,
360 3181 464 3264 quod
498 3183 560 3245 est
591 3181 822 3244 mandatum
854 3179 1035 3263 primum,
1061 3199 1133 3243 curn
1156 3179 1188 3242 in
1212 3198 1299 3242 man-

9 3360 10 3369 ,
105 3289 242 3366 1510110,
267 3292 304 3353 nt
327 3289 456 3370 quidam
481 3287 637 3364 ordinant,
663 3290 774 3369 quarto
800 3287 843 3350 sit
864 3287 945 3352 loco.

9 3384 10 3395 ³
191 3396 301 3478 Aliqui
321 3395 359 3459 10
378 3396 439 3459 hoc
457 3395 503 3458 ita
522 3394 683 3458 disserunt
701 3394 861 3458 dicentes:
885 3394 946 3456 tria
968 3394 1024 3456 illa
1047 3393 1195 3456 mandata
1219 3411 1298 3473 quae

148 3503 310 3584 superiora
343 3504 418 3565 sunt
451 3502 556 3566 omnia
588 3501 628 3564 ad
661 3501 757 3564 deum
790 3500 959 3583 portinent,
985 3502 1110 3581 septem
1133 3498 1300 3580 sequentia

149 3609 188 3672 ad
211 3609 389 3684 hominem
424 3611 456 3672 et
478 3608 541 3671 tria
564 3606 619 3671 illa
643 3608 682 3671 ad
711 3608 806 3670 deum
834 3607 1026 3688 pertinentia
1057 3606 1089 3669 in
1122 3624 1185 3668 una
1217 3604 1298 3687 legis

148 3715 257 3779 tabula
288 3715 488 3792 tenebantur,
521 3715 554 3778 in
588 3713 648 3778 alia
680 3733 756 3778 uero
791 3714 900 3778 tabula
931 3716 1100 3796 praecepta
1127 3711 1183 3774 illa
1212 3713 1300 3773 erant

107 3837 132 3879 ao
149 3841 228 3902 quae
267 3822 306 3886 ad
343 3822 504 3886 hominem
537 3822 749 3903 pertinebant.
796 3821 858 3886 hoc
894 3821 1002 3902 itaque
1044 3819 1228 3883 mandatum
1266 3817 1298 3879 in

237 4014 372 4084 5Ephes.
393 4015 417 4079 1,
437 4014 526 4068 9-10
564 4014 596 4068 11
616 4013 716 4068 Matth.
737 4014 781 4079 22,
797 4013 831 4068 30
870 4013 1055 4084 rompheae,
1072 4010 1104 4064 15
1142 4007 1226 4063 2311).
1243 4009 1299 4074 6,2

184 4139 241 4191 let
254 4137 348 4192 om.V
390 4138 560 4192 3efesiosP
607 4138 721 4208 bquod]
739 4137 886 4208 quomodo
904 4137 931 4190 V
1001 4133 1301 4203 dns(nrtel.m.2.)P

150 4219 298 4306 tinstlbre
317 4253 344 4305 P
396 4252 506 4322 8qnod
529 4253 556 4305 V
624 4257 748 4322 repertur
770 4253 798 4306 V
851 4253 884 4307 13
904 4248 1085 4306 credentisV
1138 4249 1170 4302 15
1190 4263 1298 4318 repara—

149 4356 207 4393 mur
225 4359 276 4395 om.
296 4341 354 4394 AV
406 4341 442 4395 29
460 4344 605 4412 praecepta
624 4358 672 4395 om
695 4342 754 4396 AV

199 4467 281 4506 xxxr.
296 4477 350 4515 par.
363 4467 382 4504 1.
1197 4444 1214 4497 9
