3092 5000
469 391 789 446 Instructionum
816 389 883 444 lib.
908 391 940 454 1„
1241 392 1282 457 75

175 587 305 655 XXVII.
331 586 416 667 Quid
438 588 489 654 his
512 586 768 672 respondendum
793 589 852 665 est,
882 586 938 670 qui
961 587 1001 652 ob
1024 605 1138 652 uxores
1160 586 1281 652 multas

131 694 391 760 incontinentiam
427 695 572 779 putribus
608 696 662 760 uel
698 693 887 778 patriarchis
923 694 1041 759 nostris
1083 691 1281 760 obiciendam

132 803 264 884 putant?

171 907 328 986 Primum,
362 908 448 992 quod
479 910 556 974 tuuc
588 906 729 976 nondum
760 909 832 992 lege
863 907 1070 991 prohibitum,
1103 905 1177 989 quia
1210 925 1282 972 oon-

102 1014 265 1080 esuetudo
290 1017 366 1094 erat,
391 1015 509 1082 crimen
532 1033 603 1082 esse
626 1032 687 1080 nou
711 1016 850 1096 poteret;
875 1013 998 1091 deinde,
1019 1013 1103 1096 quod
1126 1013 1183 1076 illa
1204 1015 1282 1077 tuno

131 1123 182 1186 uel
214 1140 270 1204 pro
302 1122 374 1187 loco
407 1122 462 1187 uel
494 1139 549 1205 pro
582 1123 725 1204 tempore
754 1139 817 1188 uon
844 1119 1054 1203 inprobabilia
1077 1119 1161 1204 apud
1185 1118 1281 1184 deum

131 1227 257 1292 luerint.
290 1247 346 1310 pro
380 1230 462 1308 loco,
497 1229 582 1295 sicut
614 1231 647 1292 et
676 1227 709 1292 in
743 1247 807 1294 una
839 1227 933 1292 domo
966 1224 999 1291 in
1032 1227 1131 1292 altero
1165 1226 1281 1309 angulo

131 1334 249 1424 aliquid
290 1335 359 1400 fieri
391 1355 410 1400 a
442 1335 586 1418 quolibet
626 1334 754 1400 domiuo
791 1332 986 1416 praecipitur
1031 1331 1117 1416 quod
1153 1331 1186 1397 iu
1218 1333 1281 1397 elio

131 1460 331 1525 nequaquam
363 1442 431 1508 ficri
462 1441 667 1526 permittitur.
700 1460 757 1525 pro
790 1444 933 1523 tempore
970 1459 1057 1518 uero,
1091 1439 1175 1524 quod
1210 1438 1283 1504 rudi

92 1577 115 1616 ιο
132 1547 232 1614 adhuc
260 1550 389 1615 saeculo
413 1552 619 1634 praeceptum
642 1548 761 1614 fueret:
795 1548 958 1614 crescite
987 1550 1023 1614 et
1050 1546 1282 1630 multiplica·

133 1655 228 1724 mini.
258 1673 342 1720 nunc
371 1673 447 1720 uero
475 1655 613 1733 iubetur,
637 1657 675 1718 ut
698 1658 731 1719 et
754 1654 809 1736 qui
832 1654 951 1719 habent
972 1671 1085 1722 uxores
1117 1656 1282 1737 tamquam

131 1778 190 1826 nou
217 1761 373 1826 habentes
402 1761 477 1839 sint,
509 1779 571 1826 uon
600 1760 684 1844 quod
711 1761 838 1826 iustitie
864 1760 953 1826 uaria
980 1758 1033 1840 sit,
1057 1760 1115 1826 sed
1137 1764 1284 1842 tempora

130 1867 298 1932 mutabilia
321 1886 401 1950 quae
423 1868 541 1951 pariter
562 1868 607 1932 ire
631 1887 694 1933 non
716 1869 862 1950 possunt,
886 1872 921 1934 et
943 1865 1078 1932 diuersis
1101 1866 1282 1950 quibusque

131 1974 327 2056 temporibus
350 1975 405 2038 uel
427 1974 563 2040 diuersis
591 1974 671 2039 locis
701 1975 829 2040 diuersa
855 1975 1041 2058 congruant.
1073 1991 1205 2038 necesse
1233 1974 1283 2037 est

93 2107 116 2150 15
131 2083 303 2162 postremo,
344 2079 429 2162 quod
465 2081 498 2146 in
535 2080 584 2146 his
623 2100 658 2146 er
700 2081 869 2145 uoluntate
910 2077 1031 2144 domiui
1073 2079 1133 2144 sub
1176 2078 1281 2161 specie

132 2187 295 2270 gestorum
313 2187 529 2270 praesentium
546 2187 644 2252 fuerit
663 2187 818 2270 quaedam
837 2185 1070 2270 praenuntiatio
1087 2185 1282 2250 futurorum.

174 2292 323 2360 XXVIII.
358 2291 442 2372 Quid
474 2295 534 2373 est,
559 2292 644 2376 quod
676 2292 768 2358 dicit:
807 2294 844 2356 et
876 2310 961 2357 ecce
994 2289 1087 2356 uitis
1124 2290 1161 2355 in
1201 2309 1281 2355 cou-

133 2401 266 2483 spectu
289 2418 380 2478 meo,
405 2401 442 2466 et
465 2418 551 2466 ecce
575 2400 611 2464 in
636 2399 716 2466 uite
740 2401 818 2464 tros
842 2396 971 2462 fundi?

173 2506 249 2570 Tria
270 2506 397 2591 flagella
419 2508 474 2575 uel
496 2510 561 2573 tres
584 2507 775 2591 propagines
807 2506 987 2571 indicantur
1014 2504 1073 2571 sub
1102 2504 1160 2569 hac
1183 2503 1282 2571 trium

92 2643 116 2683 ro
132 2613 348 2679 enuntiatione
371 2613 553 2679 fundorum.

591 2804 645 2857 DE
669 2801 822 2859 EXODO.

173 2930 339 2997 XXVIIII.
362 2929 518 3014 Loquitur
541 2928 581 2995 ad
594 2928 753 2995 Abraham
777 2928 866 3007 deus,
890 2927 975 3010 quod
998 2929 1109 3010 quarta
1134 2926 1284 3011 progenie

137 3037 174 3103 de
196 3040 281 3103 terra
302 3037 441 3121 Aegypti
462 3037 621 3102 reuersuri
645 3040 752 3101 essent
784 3035 844 3100 filii
871 3035 1002 3099 Israhel.
1036 3037 1069 3099 et
1101 3053 1163 3118 quo
1188 3033 1282 3100 modo

132 3146 242 3225 postea
256 3145 365 3211 Moses
385 3144 510 3209 scribit:
536 3142 668 3225 quinte
687 3145 810 3207 autem
830 3141 1010 3225 progenie
1031 3139 1285 3205 ascenderunt

94 3283 118 3323 25
133 3249 209 3315 filii
231 3250 381 3315 Israhel
403 3250 446 3315 de
469 3252 570 3315 terre
591 3249 781 3334 Aegypti?

176 3356 210 3423 Si
243 3357 464 3441 genealogiam
492 3357 668 3423 secundum
691 3356 769 3423 Leui
796 3355 916 3419 tribum
948 3354 1101 3437 requiras,
1135 3355 1285 3437 quattuor

132 3464 297 3547 progenies
320 3483 377 3546 pro
400 3462 539 3528 filiorum
563 3463 766 3528 successione
790 3460 982 3538 numerabis,
1008 3461 1036 3524 ei
1059 3460 1162 3525 tribus
1186 3458 1283 3527 Iudae

132 3570 207 3635 ordo
239 3570 422 3653 replicetur,
447 3569 585 3653 quinque
617 3568 857 3652 generationum
886 3565 1105 3631 successiones
1129 3564 1283 3642 inuenies,

134 3695 325 3761 quamquam
347 3675 378 3742 iu
397 3676 555 3755 Hebraeo,
579 3677 618 3740 ut
638 3674 758 3739 iudicat
772 3673 906 3755 Aquilae
930 3670 1161 3737 studiosissimi
1184 3673 1285 3735 trans·

221 3832 334 3890 rouen.
351 3833 375 3899 1,
391 3832 434 3889 28.
486 3830 728 3903 11(100r.7‚29)
786 3830 1017 3896 iraeneum.
1068 3827 1282 3900 22tib.15,16)

133 3924 167 3979 24
184 3924 232 3981 Ex.
255 3924 299 3990 13,
320 3922 362 3980 18.
922 3992 929 4026 ί

168 4040 275 4110 lquid
299 4042 342 4095 est
364 4039 583 4111 respondendum
605 4039 649 4092 his
668 4038 728 4093 AV
817 4038 849 4091 11
873 4036 989 4108 iublster
1012 4036 1040 4089 P
1128 4035 1156 4087 et
1179 4034 1211 4086 ut
1228 4032 1288 4086 AV

134 4130 165 4183 21
184 4130 289 4199 incepit
307 4128 530 4200 interrogationis
550 4128 583 4181 de
603 4126 731 4181 exodob'
806 4125 917 4179 tilulum
934 4141 984 4178 om.
1000 4123 1057 4177 AV
1112 4121 1148 4175 22
1168 4120 1285 4175 XXIX.

134 4218 360 4289 loquitur-deus
379 4236 411 4287 p.
434 4220 472 4273 76
492 4218 509 4274 1.
528 4221 560 4271 11
579 4232 630 4272 om.
651 4215 674 4270 S
708 4215 744 4269 24
761 4230 869 4283 moyses
888 4214 915 4267 A
950 4213 986 4267 26
1005 4226 1093 4283 genoe
1110 4210 1185 4279 logia
1203 4207 1288 4263 PAV

136 4307 170 4361 28
186 4308 311 4361 inuenies
331 4322 385 4362 om.
402 4306 430 4362 A
