3092 5000
15 23 277 342 s

267 363 311 432 74
562 361 588 416 S.
615 361 801 418 Eucherii
828 361 1106 432 Lugdunensis

265 557 362 623 deum
386 557 540 628 uiderant.
565 557 622 622 sed
649 577 704 641 per
732 558 911 623 subiectam
940 559 1067 624 diuinae
1094 561 1248 642 potestati
1275 561 1414 645 speciem

264 665 404 730 nisibilis
423 666 583 730 creaturae
599 683 678 746 quae
697 665 846 730 humanis
864 668 994 749 poterat
1008 666 1157 750 adparere
1175 669 1413 751 conspectibus;

264 772 299 836 in
322 791 359 836 ea
382 773 489 836 autem
512 771 693 836 substantia
719 773 899 838 maiestatis
923 772 956 836 in
981 791 1043 853 qua
1066 776 1126 852 est,
1145 793 1207 856 quo
1227 774 1321 842 modo
1338 775 1414 840 deus

265 898 286 942 a
307 878 435 943 mortali
458 877 561 944 adhue
582 878 711 944 homino
734 879 908 960 uideretur,
928 898 1002 944 cum
1025 879 1094 962 ipse
1117 881 1157 946 ad
1178 882 1293 946 Mosen
1317 881 1413 947 dicat:

266 1004 338 1050 non
369 985 515 1068 poteris
548 984 678 1050 uidere
710 985 848 1051 faciem
879 1005 1008 1065 meam,
1036 1007 1107 1053 non
1133 987 1231 1052 enim
1264 987 1451 1054 uidebits

264 1111 321 1156 me
344 1091 452 1157 homo
477 1094 513 1157 et
535 1091 652 1159 uiuet.
677 1092 737 1157 hac
761 1111 834 1177 ergo
857 1093 979 1159 rabone
1003 1096 1172 1178 utrumque
1194 1094 1414 1160 testimonium

264 1219 378 1264 uerum
402 1202 461 1264 est.

310 1306 410 1374 XXV.
441 1305 525 1386 Quid
558 1309 617 1386 est,
642 1308 727 1389 quod
760 1308 820 1372 ait:
853 1308 934 1391 ipse
969 1312 1029 1374 est
1063 1308 1141 1374 Ana
1173 1310 1237 1393 qui
1269 1307 1414 1372 inuenit

264 1412 384 1476 Iamin
416 1412 454 1476 in
488 1411 649 1492 deserto,
683 1432 764 1479 cum
803 1416 979 1496 pasceret
1015 1414 1143 1481 asinos
1175 1414 1321 1481 Sebeon
1357 1434 1413 1499 pa·

265 1520 336 1584 tris
361 1519 440 1584 sui?
1430 1547 1451 1586 11

309 1626 411 1690 Iamin
447 1626 549 1691 latine
579 1626 678 1691 maria
708 1627 945 1710 interpretatur,
982 1628 1017 1692 id
1054 1629 1115 1704 est,
1152 1637 1306 1709 aquarum
1343 1647 1413 1694 con·

264 1733 492 1816 gregationem
531 1733 615 1814 quod
657 1736 807 1818 stagnum
848 1753 915 1798 rem
956 1733 989 1798 in
1029 1733 1156 1799 heremo
1198 1734 1278 1798 haut
1319 1735 1412 1800 dubie

265 1837 429 1903 difficilem
461 1839 530 1922 ipse
563 1839 745 1922 reppererit.
788 1839 909 1904 indicat
940 1839 1043 1903 Iamin
1079 1842 1112 1903 et
1143 1839 1250 1905 asinos
1283 1840 1340 1922 qui
1375 1840 1412 1906 ds

264 1945 390 2028 onagris
415 1945 482 2010 eius
506 1945 708 2010 inst'tutione
731 1949 914 2010 nascuntur.
939 1948 1015 2011 sunt
1042 1946 1097 2028 qui
1124 1946 1305 2027 aestimant,
1331 1945 1413 2029 quod

263 2051 505 2134 permixtionem
530 2053 729 2117 diuersorum
751 2051 835 2116 inter
857 2071 892 2116 se
915 2052 1101 2116 animalium
1126 2052 1197 2135 ipse
1219 2050 1354 2134 primus,
1378 2054 1414 2116 ut
1430 2078 1452 2118 n

264 2158 344 2222 muli
366 2159 420 2223 uel
442 2161 549 2224 mulae
572 2160 786 2236 nascerentur,
810 2158 978 2224 inuenerit.

308 2265 424 2330 XXVI.
468 2263 555 2344 Quae
588 2268 664 2330 sunt
694 2265 752 2329 illa
783 2265 995 2350 primogenita
1033 2284 1114 2348 quae
1145 2265 1229 2330 Esau
1267 2265 1412 2331 uendidit

264 2370 358 2435 Iacob
383 2371 472 2436 fratri
495 2374 575 2436 suo?
735 2439 738 2444 ,

308 2477 398 2543 Prior
424 2479 457 2543 et
484 2478 584 2544 maior
611 2498 684 2561 pars
711 2479 933 2564 primogenitis
961 2479 1137 2547 debebatur
1162 2481 1217 2546 uel
1238 2479 1271 2544 in
1295 2479 1409 2545 honore

263 2587 318 2650 uel
334 2585 367 2649 in
387 2585 581 2650 hereditaria
595 2588 806 2665 successione,
832 2587 916 2653 sicut
932 2587 1002 2670 ipse
1015 2588 1122 2667 Iacob,
1136 2588 1277 2666 Rubor,
1295 2586 1408 2667 inquit,
1426 2612 1449 2651 so

262 2691 541 2775 primogenitus
564 2712 679 2772 meus,
703 2694 807 2776 prior
827 2694 865 2758 in
890 2693 1010 2772 donis,
1033 2694 1152 2759 maior
1174 2694 1342 2776 imperio.
1378 2696 1409 2756 et

192 2840 195 2849 ι
261 2799 294 2861 in
326 2798 407 2862 libro
440 2798 682 2865 Deuteronomii
716 2800 753 2865 de
785 2801 997 2885 primogenito
1031 2800 1195 2866 scribitur:
1230 2799 1408 2884 dabitque

263 2904 308 2983 ei,
336 2904 370 2968 id
393 2907 444 2969 est
465 2907 567 2987 pater,
593 2907 636 2971 de
660 2907 720 2971 his
745 2926 839 2989 quae
867 2908 1046 2973 habuerit
1069 2910 1205 2973 cuncta
1226 2905 1406 2989 duplicia3

157 3094 158 3097 Ἴ
261 3008 338 3073 iste
372 3012 429 3075 cst
462 3011 559 3075 enim
587 3012 817 3096 principium
845 3013 1052 3078 liberorum
1077 3012 1158 3077 eius
1181 3015 1220 3076 et
1241 3011 1331 3076 huic
1354 3012 1408 3075 de·

261 3116 398 3180 bentur
419 3117 684 3201 primogenita.
708 3119 792 3183 unde
816 3122 849 3183 et
865 3120 956 3184 Isaac
980 3118 1232 3184 benedictionem
1256 3137 1347 3183 suam
1370 3116 1408 3181 ad
1424 3145 1448 3183 a

262 3223 348 3287 Esau
370 3224 539 3304 putauerat
560 3225 764 3310 primogeniti
786 3227 854 3291 iure
876 3225 1082 3291 referendam.

352 3472 434 3530 sax.
454 3474 497 3538 33,
517 3474 559 3529 20.
646 3474 749 3531 8Gen.
764 3475 808 3541 36,
821 3476 865 3530 24.
934 3477 968 3529 17
984 3475 1031 3544 (ib.
1045 3476 1090 3542 25,
1104 3475 1152 3544 33)
1221 3474 1257 3529 20
1275 3473 1312 3529 ib.
1325 3474 1370 3538 49,
1383 3474 1406 3527 3.

261 3560 298 3613 22
316 3561 398 3616 Dent.
417 3562 461 3627 21,
482 3563 523 3615 17.
579 3562 613 3617 25
634 3562 712 3631 (Gen.
733 3564 779 3631 27)

300 3722 313 3774 1
335 3720 466 3774 uidebant
480 3721 503 3775 S
518 3720 626 3775 uiderat
637 3722 697 3776 AV
802 3722 954 3777 subiectum
973 3723 997 3778 S
1102 3722 1195 3777 diuino
1217 3722 1370 3777 maiestatis
1388 3722 1410 3777 S

261 3810 280 3863 4
294 3810 397 3863 moisen
411 3809 435 3864 S
487 3810 559 3864 dicet
571 3812 599 3865 P
611 3810 714 3867 dicabit
732 3811 786 3867 SV
837 3812 959 3867 SXXV.
980 3811 1227 3883 quid—fundorum
1235 3829 1266 3881 p.
1284 3814 1323 3867 75
1336 3812 1354 3865 i.
1368 3814 1408 3865 20

261 3916 314 3953 om.
343 3898 367 3952 S
448 3900 466 3953 9
493 3900 586 3953 iamim
619 3900 646 3955 V
737 3900 833 3956 sibeon
858 3899 944 3955 PAV
1024 3902 1056 3955 11
1085 3902 1301 3971 interpraetatur
1327 3898 1410 3955 PAV

265 4015 297 4068 ra
317 4015 420 4068 sesamo
439 4016 467 4069 P
554 4016 837 4089 necessarias
909 3982 1128 4089 rareppe'fies
1214 4015 1406 4070 ramsmsvs

265 4103 298 4157 15
316 4104 491 4171 permistione
510 4104 569 4159 AV
620 4106 739 4175 2011011
761 4108 930 4161 successione
954 4108 1066 4177 lcpimue
1086 4107 1118 4161 ies
1135 4106 1177 4161 A:
1199 4105 1245 4159 uel
1268 4106 1296 4159 in
1320 4104 1407 4175 grstia

263 4194 393 4259 paternae
417 4194 595 4247 successionis
624 4196 652 4247 et
678 4192 878 4249 benedictionis
967 4199 1097 4268 putemne
1125 4194 1294 4249 successione
1318 4191 1409 4249 uelV

262 4278 295 4332 21
316 4296 392 4333 mens
411 4296 462 4335 om.
481 4280 508 4335 V
