3092 5000
599 377 816 434 Praelatio.
1196 378 1284 442 XXV

139 571 345 636 nominandus
370 576 420 638 est
445 571 678 639 Guilelmus
710 573 755 638 de
785 572 939 650 Hartel,
963 569 1118 656 magister
1138 588 1283 654 praecep·

138 680 248 759 torque
281 679 433 761 optimus,
463 680 643 746 studiorum
670 698 815 744 meorum
841 697 967 762 semper
988 680 1151 761 patronus,
1175 676 1230 759 qui
1252 678 1285 742 11

138 786 247 848 auctor
275 784 372 851 huius
401 786 476 851 libri
503 787 626 852 exstitit
654 789 687 851 et
717 805 773 868 per
805 787 911 850 totum
941 784 1022 848 illud
1053 787 1192 865 tempus,
1221 802 1283 866 quo

136 889 291 956 Eucherio
320 894 511 958 recensendo
541 913 668 977 operam
698 893 823 969 dabam,
852 890 1007 976 singulari
1032 891 1223 956 liberalitate
1251 894 1284 954 11

135 995 330 1080 benignitate
359 1017 462 1081 neque
491 999 623 1065 consilio
652 1018 755 1082 neque
784 1016 879 1082 opera
905 997 985 1062 mihi
1007 1016 1147 1080 unquam
1170 997 1282 1062 defuit.

136 1102 290 1186 quidquid
322 1105 396 1170 usui
427 1106 507 1171 mihi
540 1106 595 1190 qui
627 1125 760 1188 paruam
792 1105 896 1171 incolo
920 1105 1032 1169 urbem
1055 1124 1125 1170 esse
1147 1107 1281 1187 poterat,

135 1209 355 1292 undecumque
371 1212 540 1297 congessit.
557 1214 609 1278 cui
625 1215 779 1295 quantum
800 1212 941 1289 debeam,
956 1211 1113 1276 declarare
1128 1211 1203 1293 quia
1219 1211 1282 1276 iam

136 1315 188 1379 diu
212 1315 292 1380 mihi
316 1318 400 1382 cordi
423 1318 609 1397 luitboldo
632 1321 743 1397 laetor,
765 1319 850 1402 quod
868 1320 928 1383 hac
947 1319 1183 1402 opportunitate
1202 1337 1281 1384 usus

135 1423 261 1488 nomine
302 1424 370 1488 1111
406 1425 614 1490 Eucherianis
652 1427 799 1509 operibus
839 1425 1082 1507 praescribendo
1119 1424 1283 1490 testificari

134 1529 236 1610 potui,
256 1528 369 1595 deinde
390 1532 503 1613 opibus
524 1536 556 1596 et
575 1532 746 1597 Caesareae
765 1532 954 1596 Academiae
974 1532 1151 1596 litterarum
1165 1530 1283 1594 Vindo-

135 1635 283 1700 bonensis
309 1639 341 1700 11
365 1636 489 1702 Summi
513 1639 683 1704 Ministerii
707 1639 884 1722 permultos
907 1637 1007 1702 libros
1030 1637 1282 1720 manuscriptos

134 1742 220 1806 1111
246 1741 352 1808 Gallia
375 1745 461 1809 1111
485 1746 636 1810 Heluetia
654 1746 811 1828 Italiaque
836 1745 1016 1810 conferendi
1040 1744 1112 1808 data
1135 1748 1186 1808 est
1203 1743 1282 1808 mihi

134 1849 258 1914 occasio
282 1850 494 1935 facultasque,
514 1863 651 1935 'quarum
670 1853 938 1918 bibliothecarum
955 1851 1106 1935 praefecti
1123 1852 1283 1933 permulta

132 1956 163 2020 in
196 1975 249 2020 me
283 1958 484 2024 contulerunt
515 1959 677 2025 beneficia.
701 1962 770 2023 tum
804 1979 854 2024 me
888 1959 950 2024 sibi
982 1957 1189 2023 deuinrerunt
1220 1957 1282 2021 uiri

134 2062 313 2127 doctissimi
356 2063 526 2130 Carolus
576 2065 766 2145 Schenkl,
808 2066 969 2149 professor
1010 2064 1206 2141 carissimus,
1249 2067 1282 2128 11

132 2168 336 2234 11111111
366 2170 548 2250 Humor,
573 2192 708 2254 quornm
733 2172 892 2236 doctrinae
917 2175 949 2235 11
971 2170 1156 2236 liberalitati
1179 2171 1281 2234 multa

134 2274 243 2340 debeo.
264 2275 398 2359 denique
418 2278 602 2362 gratissimo
623 2279 727 2344 animo
746 2279 827 2343 mihi
846 2278 1059 2361 profitendum
1083 2279 1143 2356 est,
1162 2279 1280 2359 quanto

134 2400 225 2465 opere
260 2383 420 2468 obligatus
453 2384 686 2467 deuinctusque
720 2386 781 2450 sim
804 2386 865 2449 Dr.
896 2384 1069 2448 Iohanni
1100 2383 1280 2466 Grippel,

133 2488 226 2554 huius
261 2491 421 2556 seminarii
442 2492 543 2575 primo
576 2492 745 2575 praefecto,
775 2492 843 2557 uiro
876 2490 1106 2557 humanissimo
1137 2490 1279 2572 mihique

134 2597 340 2677 amicissimo,
365 2598 418 2681 qni
443 2602 475 2663 11
497 2600 637 2683 plagulis
658 2598 852 2683 corrigendis
872 2601 904 2663 11
924 2598 961 2662 de
981 2616 1087 2663 sacrae
1107 2597 1279 2680 scripturae

134 2704 210 2769 locis
241 2705 358 2769 1111111
385 2705 564 2788 iterumque
594 2705 751 2771 edocendo
782 2705 939 2770 amicitiae
969 2725 1101 2769 munera
1122 2706 1224 2768 multa
1248 2706 1280 2769 et

133 2811 271 2891 pretiosa
295 2812 445 2896 expleuit.

176 2918 314 2982 Prodeat
335 2919 435 3003 igitur
457 2921 518 2985 hoc
540 2922 703 2999 uolumen,
729 2920 814 3001 quod
836 2919 913 2983 licet
936 2938 1016 3001 opus
1044 2918 1140 2983 multi
1161 2918 1278 2982 laboris

134 3023 175 3086 sit
197 3042 259 3088 non
285 3043 321 3088 ex
339 3024 426 3089 omni
444 3027 534 3106 parte
554 3044 623 3089 esse
643 3026 827 3089 absolutum
847 3027 879 3088 11
901 3024 1077 3105 perlectum
1100 3042 1151 3087 me
1173 3024 1279 3106 ipsum

134 3147 192 3193 non
216 3130 314 3194 fallit!
344 3131 400 3195 sed
426 3151 477 3195 me
504 3130 594 3195 firma
622 3131 827 3195 fundamenta
853 3129 1000 3211 posuisse
1026 3128 1222 3206 crediderim,
1245 3129 1278 3193 11

75 3280 78 3289 ·
135 3236 248 3317 quibus
263 3238 396 3302 aliorum
409 3238 560 3303 insistant
576 3241 608 3301 et
625 3238 848 3321 theologorum
864 3239 896 3300 11
908 3236 1143 3319 philologorum
1162 3234 1277 3299 studia.

134 3342 323 3407 Eucherium
359 3343 442 3407 enim
469 3344 574 3409 madio
604 3364 681 3409 1111
710 3344 741 3406 11
773 3343 920 3408 omnibus
954 3342 1153 3406 monasteriis
1182 3361 1277 3423 quam

135 3446 377 3533 diligentissime
413 3449 594 3514 lectitatum
631 3449 681 3514 his
718 3448 829 3512 diebus
866 3448 985 3512 iniusta
1022 3448 1170 3511 obrutum
1207 3466 1277 3511 esse

135 3555 294 3620 obliuione
325 3575 386 3621 non
421 3559 470 3620 est
502 3575 557 3621 cur
588 3574 695 3639 neges.
728 3554 872 3618 inueniat
904 3558 936 3618 11
968 3556 1079 3618 111111
1111 3556 1143 3617 11
1176 3552 1277 3618 editor

134 3660 286 3743 propitios
309 3660 451 3725 iudices!

177 3852 359 3918 Scribebam
391 3854 423 3918 in
456 3854 533 3918 urbo
563 3852 837 3920 Obcrhollabrnnn
865 3852 897 3916 in
924 3850 1055 3916 Austris
1081 3850 1136 3916 inf.
1166 3871 1275 3916 mense

134 3959 233 4057 Aprili
255 3979 283 4025 a.
310 3961 405 4025 1894.

803 4155 950 4227 Carolus
983 4155 1114 4229 Wolloe.
