3092 5000
397 430 537 486 Passio
564 431 857 501 Agaunensinm
886 435 1106 503 martyrum.
1266 437 1333 501 173

184 625 373 692 DOMINO
407 622 592 691 SANCTO
625 624 683 689 ΕΤ
715 623 1009 691 BEATISSIMO
1040 626 1091 691 IN
1122 625 1331 693 CHRISTO

374 729 546 798 SALUIO
580 728 812 797 EPISGOPO
846 731 1132 798 EUCHERIUS.

95 940 101 950 ι
225 856 302 921 Misi
325 856 365 922 ad
386 854 621 921 beatitudinem
648 858 738 920 tuem
765 856 919 940 scriptam
948 858 1130 921 nostrorum
1153 860 1328 942 martyrum

182 964 373 1047 passionem.
411 963 544 1042 uerebar
574 981 712 1045 namque
744 980 784 1028 ne
815 982 872 1046 per
902 962 1056 1028 incuriam
1094 965 1161 1027 tem
1198 965 1335 1049 gloriosi
1367 986 1369 994 ’

154 1073 274 1154 egesta
295 1069 439 1153 martyrii
462 1069 501 1133 ab
525 1069 690 1135 hominum
713 1069 868 1134 memoria
895 1072 1022 1152 tempus
1047 1069 1197 1137 aboleret.
1235 1090 1331 1152 porro

183 1178 221 1241 ab
247 1175 372 1241 idoneis
407 1176 590 1241 auctoribus
618 1176 665 1241 rei
692 1175 795 1259 ipsius
823 1175 992 1241 ueritatem
1025 1177 1180 1259 quaesiui,
1210 1178 1249 1242 ab
1277 1178 1331 1243 his

182 1283 293 1365 utique
312 1283 367 1365 qui
385 1282 594 1347 adfirmabant
617 1302 650 1347 se
675 1283 712 1347 eb
737 1282 885 1367 episcopo
907 1282 1088 1348 Geneuensi
1110 1287 1219 1348 sancto
1238 1283 1328 1348 Isaeo

181 1389 266 1454 hunc
288 1408 383 1472 quem
405 1390 544 1473 praetuli
566 1389 724 1471 passionis
753 1389 896 1454 ordinem
925 1387 1126 1473 cognouisse,
1151 1390 1206 1472 qui
1235 1388 1330 1455 credo

181 1516 308 1561 rursum
329 1496 408 1561 haec
430 1499 514 1561 retro
538 1515 556 1559 e
578 1496 766 1562 beatissimo
795 1496 944 1580 episcopo
968 1496 1131 1561 Theodoro
1155 1496 1224 1562 uiro
1248 1500 1332 1560 tem--

139 1623 165 1661 ιο
181 1603 266 1685 poris
299 1602 465 1667 anterioris
498 1602 665 1685 acceperit.
701 1603 809 1685 itaque
839 1622 912 1668 eum
940 1602 994 1665 elii
1024 1622 1059 1667 er
1088 1602 1223 1668 diuersis
1246 1602 1330 1668 locis

182 1713 276 1791 atque
316 1708 490 1791 prouinciis
526 1711 558 1772 in
595 1708 747 1773 honorem
790 1708 994 1789 officiumque
1036 1711 1219 1773 sanctornm
1260 1708 1333 1773 auri

182 1818 277 1899 etque
313 1815 436 1899 argenti
473 1813 735 1897 diuersarumqne
771 1834 877 1880 rerum
918 1833 1050 1879 munera
1091 1814 1232 1893 offerent,
1271 1834 1331 1881 nos

182 1922 301 2005 scripte
327 1922 407 1986 haec
435 1924 545 1987 nostra
571 1922 665 1986 uobis
693 1920 942 2007 suffragantibus
971 1914 1137 2005 dignanter
1165 1920 1330 1985 offerimus

182 2047 352 2111 exposcens
372 2046 427 2109 pro
447 2026 498 2091 his
516 2027 778 2092 intercessionem
798 2026 939 2091 omnium
963 2025 1153 2091 delictorum
1177 2029 1271 2110 etque
1294 2027 1327 2091 in

137 2163 163 2201 ιε,
181 2137 342 2217 posterum
388 2134 464 2217 iuge
510 2133 705 2216 praesidium
750 2136 956 2217 patronorum
1003 2152 1128 2217 semper
1172 2152 1331 2201 meorum.

180 2242 375 2306 Mementote
397 2260 457 2305 uos
481 2259 606 2323 quoque
624 2240 725 2305 nostri
742 2241 775 2303 in
795 2242 966 2323 conspectu
991 2239 1121 2317 domini,
1146 2242 1326 2305 sanctorum

181 2366 306 2429 semper
342 2347 455 2413 officiis
491 2347 704 2425 inhaerentes,
737 2347 864 2412 domine
893 2350 1002 2411 sancte
1040 2350 1072 2410 et
1103 2346 1216 2411 merito
1253 2346 1330 2409 bea·

180 2454 305 2521 tissime
328 2454 434 2519 frater.

218 2690 230 2742 1
251 2689 482 2744 domino—freter
498 2707 550 2745 orn.
569 2689 599 2744 D
688 2691 704 2744 3
724 2655 851 2746 scriiitem
872 2691 951 2760 (corr.
970 2707 1004 2744 m.
1024 2691 1063 2758 2.)
1083 2691 1110 2743 P
1190 2689 1205 2742 7
1224 2688 1281 2742 isac
1300 2687 1331 2741 P

183 2806 214 2859 11
234 2811 259 2859 ct
278 2807 312 2859 12
324 2764 453 2876 adqneP
524 2807 557 2860 13
577 2805 725 2876 dignentur
742 2806 769 2860 P
788 2807 934 2876 dignanter
953 2807 1013 2860 cdd.
1071 2806 1103 2860 16
1123 2807 1329 2860 mementote-

181 2893 265 2948 frater
282 2909 334 2949 om.
352 2895 381 2948 P
396 2895 446 2949 sed
463 2894 564 2949 addita
583 2913 602 2949 a
619 2913 694 2950 man.
713 2912 734 2952 s.
753 2895 840 2950 XIV.
