3092 5000
250 399 373 467 13331
729 370 945 452 matraio.

250 592 336 656 nario
374 592 406 656 di
441 591 631 657 Erudizione
673 592 1036 657 storico-ecclesiastica.
1077 593 1313 676 Compilazioue
1351 596 1402 660 del

252 699 413 765 Caualiere
443 699 584 765 Caetano
613 699 739 764 Moruni
765 699 918 764 Romano.
943 699 1016 763 Vol.
1045 700 1126 764 LIX.
1156 721 1187 783 p.
1213 701 1401 766 rar-432.

250 807 286 870 In
301 806 438 870 Veneria
454 804 562 890 1852).
582 805 699 888 ¹quibus
718 805 1004 888 praestantissimis
1019 807 1183 871 codicibus
1197 807 1257 872 hae
1275 808 1401 872 litterae

251 913 337 977 haud
358 913 468 996 paucis
492 914 573 978 locis
598 917 674 977 sunt
697 913 890 978 emendatae.

235 1103 239 1110 Ι
295 1020 466 1085 Praesidiis
501 1020 631 1103 optimis
663 1021 841 1086 instructus
875 1020 913 1084 de
946 1021 1062 1101 quibus
1097 1040 1194 1104 supra
1223 1022 1335 1087 rettuli
1363 1022 1401 1085 ad
1473 1006 1475 1010 ’

96 1102 463 1191 Ηι““’τῖ3ο““””3113133311313
505 1127 675 1191 editionem
717 1146 834 1192 nouam
876 1127 1007 1192 accessi.
1052 1146 1102 1190 ars
1141 1128 1251 1192 critica
1281 1128 1314 1191 in
1351 1127 1401 1192 his

252 1233 399 1315 operibus
422 1232 599 1297 lectitanda
621 1233 795 1298 lectionum
820 1234 973 1298 electione
998 1233 1177 1298 continetur
1205 1233 1402 1299 coniectandi

250 1341 365 1404 tinibus
398 1342 465 1404 tam
494 1344 630 1424 anguste
659 1339 918 1423 circumscriptis,
950 1343 985 1404 ut
1012 1341 1098 1405 idem
1122 1340 1203 1404 mihi
1226 1341 1401 1406 31133133-

251 1447 337 1524 dum,
371 1447 456 1528 quod
488 1447 519 1511 iu
555 1448 700 1530 Cypriani
734 1447 870 1512 editione
907 1448 1006 1530 partis
1043 1447 1100 1511 III.
1138 1468 1169 1529 p.
1207 1446 1400 1510 LXXXVIII

251 1552 467 1637 (Vindobonae
505 1553 764 1634 MDCCCLXXI)
797 1555 961 1618 Hartelius
996 1557 1046 1618 est
1081 1554 1256 1636 professus,
1290 1575 1329 1619 ne
1360 1555 1400 1619 iis

252 1679 331 1741 opus
368 1680 475 1724 meum
513 1681 625 1743 parum
662 1661 823 1743 probetur,
862 1661 916 1743 331
959 1664 1126 1726 3331313111
1167 1661 1400 1744 recognitiones

252 1767 290 1831 ad
318 1771 483 1831 numerum
512 1769 655 1832 locorum
685 1767 925 1831 emendatorum
953 1766 1120 1831 aestimare
1149 1768 1181 1830 et
1208 1767 1399 1850 perpendere

251 1873 364 1938 solent.
398 1873 554 1955 epistulae
588 1874 634 1938 De
670 1873 765 1938 laude
803 1873 923 1937 heremi
958 1873 1170 1938 conditionem
1201 1873 1303 1937 multo
1336 1874 1400 1956 pei-

251 1999 338 2044 orem
375 1999 445 2045 esse
483 2000 579 2063 quam
624 1984 801 2046 ceterorum
842 1981 996 2045 librorum
1033 1981 1096 2043 iam
1135 1999 1231 2063 supra
1272 1980 1399 2045 demon-

251 2086 361 2151 311331.
387 2088 564 2152 coniciendi
591 2087 717 2152 libidini
745 2087 878 2153 modum
904 2091 1081 2169 posuerunt
1104 2087 1313 2170 proprietates
1337 2106 1400 2150 ser-

250 2195 354 2258 monis
378 2195 567 2259 Eucheriani
591 2196 736 2280 cognitae
762 2198 794 2260 et
816 2197 1009 2278 perspectae.
1033 2214 1092 2259 nos
1116 2194 1208 2258 docet
1231 2194 1398 2277 Augustus

249 2302 463 2384 Engelbrecht
481 2300 785 2387 (Untersuchungen
805 2301 883 2365 uber
902 2300 952 2365 die
972 2300 1111 2382 Sprache
1130 2300 1185 2364 des
1206 2299 1398 2366 Claudianus

250 2409 436 2473 Mamertus.
466 2408 682 2494 Sitznngsber.
708 2409 738 2473 d.
762 2392 949 2474 Phil-'Hier
975 2406 1084 2473 Classe
1113 2407 1142 2473 d.
1171 2409 1201 2472 k.
1225 2407 1398 2471 Akademie

252 2515 306 2581 CX
324 2514 439 2603 (1886)
459 2537 490 2599 p.
510 2518 586 2595 435)
602 2516 812 2582 Claudianum
826 2517 1020 2581 Mamertum
1035 2516 1264 2597 Sidoniumque
1282 2514 1399 2597 Apulei

250 2622 483 2705 Frontonisque
511 2623 651 2707 uestigia
666 2623 846 2705 pressisse,
872 2642 980 2687 eornm
1005 2641 1182 2686 sermonem
1204 2621 1237 2685 in
1263 2620 1399 2685 Galliam

249 2730 421 2805 induxisse,
450 2730 596 2815 quamuis
630 2730 779 2796 Sidonius
813 2731 965 2811 exempla,
995 2748 1076 2811 qnae
1106 2729 1259 2792 imitando
1292 2728 1399 2791 essent

251 2837 481 2919 consequenda,
498 2840 530 2900 et
542 2836 682 2903 Gellium
695 2842 727 2901 et
736 2837 877 2902 Plinium
889 2839 922 2900 31
933 2836 1158 2919 Symmachum
1168 2834 1397 2918 proposuisset.

250 2942 428 3007 Eucherius
456 2945 564 3007 autom
592 2946 717 3007 ueteres
743 2943 866 3009 Calliae
894 2944 1038 3007 rhetores
1067 2944 1197 3007 secutus
1223 2941 1398 3006 secundum

252 3048 373 3115 Sidonii
404 3054 573 3132 praecepta
597 3051 885 3133 ,sermocinabatur
909 3052 1034 3133 praeter
1060 3049 1133 3114 illos
1161 3051 1226 3112 1133
1255 3048 1343 3112 31133
1367 3048 1399 3109 31

249 3157 458 3222 Pmdentium
482 3160 515 3221 et
539 3156 708 3222 Claudiurn
733 3158 944 3223 Claudianum
971 3156 1128 3233 imitatus,
1154 3156 1245 3220 cuius
1274 3173 1398 3219 carmen

250 3266 298 3329 De
321 3269 413 3347 raptu
437 3264 643 3347 Proserpinae
678 3264 923 3348 diligentissime
957 3265 1024 3329 3133
1058 3264 1154 3328 dubio
1188 3262 1398 3339 lectitauerat,

250 3372 327 3437 11331
358 3372 410 3435 hic
442 3372 509 3436 illic
542 3372 605 3435 ianr
633 3370 752 3435 indicia
774 3390 854 3434 usus
880 3370 1046 3436 Claudiani
1068 3368 1251 3433 Mamertini
1275 3368 1398 3433 Sidoni-

251 3479 363 3561 auique
387 3482 580 3561 apparerent.
605 3497 738 3561 3331313
761 3477 977 3541 1311131133313
1000 3476 1075 3558 3313
1098 3496 1224 3557 semper
1245 3476 1399 3540 rationem

251 3586 348 3649 habui
380 3588 432 3650 uel
462 3586 494 3649 in
527 3586 622 3650 rebus
657 3584 921 3667 orthographicis,
955 3602 1026 3647 cum
1059 3583 1085 3646 P
1119 3582 1227 3647 codice
1265 3581 1397 3663 erempl‘

251 3693 352 3777 gratia
389 3692 502 3774 scripsi
536 3692 687 3776 heresis,
726 3711 805 3773 quae
843 3692 943 3755 forma
979 3689 1065 3773 apud
1101 3688 1311 3753 Pmdentium
1349 3692 1401 3752 est

251 3800 471 3865 usitatissima.
512 3800 568 3863 sed
605 3799 683 3863 haec
716 3800 881 3863 hactenus.
915 3798 989 3861 data
1021 3796 1187 3861 occasione
1220 3814 1399 3858 sermonem

250 3906 481 3971 Eucherianum
510 3907 687 3971 accuratius
716 3908 853 3969 tractare
881 3904 960 3967 mihi
981 3904 1015 3967 in
1044 3904 1148 3967 animo
1174 3904 1233 3981 est,
1257 3904 1295 3965 31
1319 3920 1399 3983 3333

252 4014 369 4095 scripta
388 4013 529 4096 episcopi
543 4013 767 4097 Lugdunensis
788 4012 852 4076 sint
870 4011 1017 4094 genuina,
1034 4029 1114 4093 quae
1132 4009 1213 4073 falso
1229 4008 1399 4088 adscripta,

252 4120 422 4183 diiudicare
446 4123 478 4184 31
501 4119 818 4201 discernerepossis.

295 4226 362 4289 Iam
387 4229 475 4310 grata
497 4226 723 4291 beneficiorum
747 4226 902 4296 memoria
925 4244 979 4290 eos
1003 4222 1152 4307 prosequi
1171 4223 1272 4297 decet,
1294 4220 1348 4303 331
1367 4220 1399 4283 13

251 4332 309 4396 hac
332 4332 481 4396 Eucherii
509 4351 638 4413 operum
666 4335 754 4415 parte
785 4332 905 4397 edenda
927 4352 978 4395 me
1003 4331 1203 4395 adiuuerunt.
1226 4328 1259 4391 in
1287 4326 1399 4409 primis
