3092 5000
243 364 305 427 180
548 360 574 413 S.
602 357 793 413 Eucherii
815 358 1096 429 Lugdunensis

239 551 461 636 resplendente
495 552 619 617 eminus
652 551 746 616 deum
779 552 854 635 igne
887 551 969 615 uidit
1000 551 1151 632 innocue,
1189 571 1247 617 nec
1286 555 1393 618 solum

184 703 186 720 .
239 660 332 737 uidit,
357 678 469 723 uerum
492 659 589 723 etiam
617 658 742 723 audiuit
769 660 963 739 loquentem.
989 678 1100 741 nempe
1129 662 1207 724 tunc
1230 658 1392 737 dominus,

241 785 314 831 cum
338 765 420 830 abici
442 765 561 848 pedum
586 764 713 829 uincula
727 766 952 843 commoneret,
972 767 1115 829 sanctam
1134 764 1255 830 heremi
1274 769 1394 830 terram
1435 762 1438 765 ’

242 871 462 955 pronuntiauit
481 870 606 935 diceus:
630 870 748 936 locus
771 871 809 934 in
835 873 977 953 quotu
1002 872 1087 937 stas
1107 874 1225 937 *terra
1249 875 1395 937 sancta

242 981 319 1054 est;
344 977 514 1041 manifesto
534 979 612 1042 tunc
630 977 747 1043 indicio
765 977 918 1041 meritum
938 977 1058 1049 occulti
1076 977 1204 1042 honoris
1225 979 1393 1059 expressit.
1431 1002 1448 1041 ⁵

242 1084 427 1149 confirmata
455 1084 573 1166 quippe
602 1085 653 1147 est
680 1102 698 1147 a
725 1083 784 1148 deo
815 1083 968 1149 sauctitas
997 1083 1061 1149 loci
1094 1084 1261 1149 sanctitate
1295 1086 1408 1169 etiarn¹

243 1190 431 1269 testimonii,
464 1191 497 1254 in
530 1208 603 1272 quo,
637 1193 675 1254 ut
705 1208 786 1267 reor,
820 1190 918 1255 etiam
946 1189 1027 1254 illud
1053 1190 1171 1273 pariter
1198 1194 1230 1256 et
1257 1192 1397 1256 latenter

243 1296 397 1375 enuntiat,
422 1300 459 1361 ut
482 1297 636 1361 accedens
661 1297 700 1361 ad
728 1297 890 1361 heremum
920 1296 1065 1380 pristinis
1095 1316 1241 1361 curarum
1271 1297 1394 1381 obliga-

241 1404 385 1469 tionibus
408 1403 497 1468 uitae
521 1422 555 1467 se
580 1404 727 1468 absoluat
755 1406 788 1467 et
816 1404 1028 1468 anterioribus
1056 1403 1197 1468 uinculis
1225 1404 1397 1486 expeditus

241 1511 379 1589 incedat,
403 1528 443 1573 ne
466 1511 575 1576 locum
598 1510 731 1592 polluat.
755 1510 800 1574 ibi
823 1510 962 1593 primum
981 1510 1090 1575 Moses
1114 1508 1216 1574 diuini
1240 1509 1396 1591 colloquii
1415 1536 1445 1575 ro
1544 1558 1545 1567 ,

242 1618 407 1683 familiaris
432 1615 603 1681 adhibetur
624 1616 792 1700 interpres,
812 1616 931 1699 accipit
949 1617 1046 1681 uerba
1065 1635 1102 1683 ao
1120 1614 1265 1681 uicissim
1284 1616 1394 1695 refert,

243 1723 376 1790 dicenda
394 1723 558 1808 agendaue
578 1725 611 1786 et
628 1725 855 1805 percunctatur
872 1722 990 1804 pariter
1009 1726 1042 1788 et
1060 1722 1202 1799 docetur,
1223 1742 1260 1787 ac
1279 1726 1395 1787 mutuo

243 1830 511 1895 confabulationis
540 1828 724 1912 usitatoque
753 1829 944 1894 commercio
974 1848 1047 1893 cum
1072 1830 1152 1895 caeli
1176 1829 1307 1893 domino
1331 1848 1396 1893 ser-

243 1936 432 2003 mocinatur.
471 1936 517 2000 ibi
540 1935 666 2019 uirgam
688 1935 825 1999 resumit
847 1935 880 1999 in
914 1954 1009 2017 opera
1037 1935 1200 2019 signorum
1228 1937 1391 2017 potentem
1452 1967 1454 1972 ·

241 2042 473 2123 ingressusque
495 2041 661 2105 heremum
684 2043 794 2122 pastor
818 2041 927 2106 ouium
951 2043 1061 2123 pastor
1079 2041 1124 2120 ab,
1138 2041 1267 2106 heremo
1286 2042 1393 2107 remit
1415 2070 1444 2109 rs

241 2150 322 2213 titur
344 2149 546 2231 populorum.
767 2220 771 2224 ,

289 2258 319 2319 8.
345 2253 430 2333 Quid
454 2254 567 2319 deinde
590 2254 681 2337 plebs
706 2254 758 2318 dei
782 2255 820 2318 ab
840 2253 987 2339 Aegypto
1010 2254 1172 2319 liberanda
1191 2258 1223 2319 et
1241 2255 1391 2337 operibus

246 2362 444 2427 absoluenda
466 2361 600 2425 terrenis
623 2360 780 2442 numquid
808 2378 869 2425 non
900 2360 972 2424 auia
997 2360 1092 2443 petiit
1124 2361 1164 2425 ad
1188 2362 1392 2426 solitudines-

245 2488 305 2553 que
321 2468 468 2553 consurgit
482 2467 773 2551 adpropinquatura
786 2466 819 2531 in
832 2467 962 2532 heremo
977 2466 1087 2551 utique
1104 2466 1163 2532 deo
1179 2485 1197 2530 a
1212 2486 1274 2549 quo
1290 2468 1394 2532 fuerat

244 2579 388 2658 exempta
416 2575 575 2640 seruitio?
607 2573 760 2639 tendehat
787 2573 888 2659 igitur
917 2574 956 2638 ad
985 2575 1149 2639 heremum
1175 2573 1271 2658 longe
1295 2575 1392 2639 uasti·
1412 2603 1442 2644 ac

241 2687 308 2748 tate
330 2682 503 2748 terribilem
522 2681 614 2746 Mose
630 2681 721 2746 duce.
742 2700 851 2762 quam
874 2699 1009 2764 magna
1031 2679 1243 2744 multitudo
1269 2680 1393 2745 dulce·

244 2789 344 2854 dinis
363 2791 461 2867 tuae,
481 2785 649 2852 domine!
664 2787 830 2851 heremum
844 2787 1007 2871 ingressus
1021 2787 1131 2851 Moses
1147 2786 1242 2854 deum
1257 2785 1394 2850 uiderat.

244 2917 282 2962 en
305 2914 416 2960 rursus
443 2893 527 2959 redit
553 2897 590 2958 ut
617 2893 737 2958 uideat.
776 2893 846 2977 ipse
873 2894 968 2974 plano
996 2893 1059 2956 dur
1086 2893 1209 2958 itineris
1237 2893 1393 2976 populum

245 3021 341 3067 auum
365 3000 513 3066 dominus
536 2999 575 3064 ad
604 2999 731 3065 deserta
758 2998 905 3075 ducebat,
933 2999 965 3063 in
994 3018 1089 3064 usum
1117 2998 1286 3081 utriusque
1315 2999 1396 3061 tem*

242 3109 330 3192 poris
357 3107 529 3172 ‘ulantibus
557 3106 686 3171 trahens
719 3105 916 3182 columnam,
948 3124 1033 3170 nunc
1064 3106 1230 3170 rubentem
1254 3105 1394 3184 flamma,
1414 3139 1443 3175 25

243 3234 328 3280 nunc
350 3214 435 3278 nube
459 3213 658 3278 candentem.
696 3211 793 3276 dabat
814 3211 860 3276 ita
883 3214 961 3276 tunc
987 3211 1240 3293 promerentibus
1265 3231 1291 3275 e·
1306 3211 1393 3276 caelo

245 3322 384 3406 signum,
409 3320 493 3402 quod
516 3321 621 3385 lactea
643 3319 728 3384 mole
751 3321 932 3401 porrectum
956 3319 1086 3384 alternis
1108 3319 1287 3385 irradiabat
1306 3317 1395 3383 ardo·

244 3428 343 3493 ribus.
362 3428 479 3495 intuito
494 3426 617 3492 Israhel
630 3426 751 3492 lumine
767 3426 961 3509 sequebatur
975 3427 1099 3491 radium
1115 3445 1247 3492 corusco
1267 3425 1396 3490 eminus

334 3669 415 3724 aar.
435 3669 461 3732 3,
481 3669 506 3722 5,
563 3668 596 3721 19
617 3667 674 3733 (Er.
695 3667 750 3732 14,)
806 3667 838 3720 21
860 3667 904 3721 Ps.
924 3667 967 3730 30,
988 3667 1023 3722 20

284 3829 436 3882 linnucuc
455 3827 486 3880 E
537 3826 673 3880 biudicio
691 3825 783 3883 ΕΓΗ
835 3825 954 3882 betium
972 3843 1024 3894 om.
1043 3825 1102 3880 EF
1154 3827 1272 3882 letiam
1292 3844 1342 3881 om.
1361 3827 1398 3880 H

245 3917 357 3987 pariter]
374 3916 459 3969 tacite
477 3915 512 3968 H
553 3915 726 3984 8enuntiat]
745 3916 878 3969 essentiat
895 3915 923 3970 R
970 3917 1046 3985 9se]
1065 3931 1173 3985 gressus
1191 3915 1251 3970 HR
1298 3917 1333 3970 15
1351 3932 1394 3968 re-

244 4005 363 4060 uertitur
374 4003 434 4058 EF
485 4003 518 4058 18
536 4004 612 4058 inuia
626 4003 660 4057 Η
709 4004 742 4058 19
760 4004 789 4056 in
807 4005 917 4058 heremo
936 4004 1032 4074 utique
1051 4005 1281 4074 appropinguauit
1300 4003 1397 4057 deoH

246 4096 281 4150 ab
300 4094 436 4148 desertum
454 4091 543 4147 EFH
629 4093 665 4146 23
683 4092 755 4147 redit
773 4109 865 4150 rursus
884 4093 914 4146 Ε
935 4109 968 4147 en
991 4093 1064 4148 redit
1081 4095 1114 4146 ut
1131 4093 1230 4146 iterum
1243 4092 1344 4157 ,uideat
1361 4093 1398 4146 H

246 4183 281 4237 25
299 4181 411 4236 trahens
429 4179 568 4234 uiantibns
586 4181 645 4235 EF
709 4181 744 4234 26
762 4181 857 4250 itaque
875 4181 922 4235 H·
979 4197 1063 4236 eom.
1082 4179 1143 4235 EF.
1209 4182 1243 4234 a?
1262 4181 1347 4234 moles
1364 4181 1398 4234 Ε

246 4270 372 4324 radiabat
388 4269 420 4322 F
470 4269 505 4324 28
523 4269 636 4339 intuito]
656 4270 763 4324 intento
782 4269 873 4324 ΕΓΗ
