3092 5000
259 423 301 489 86
566 420 594 475 S.
618 416 1107 487 EucheriiLugdunen‘sis

261 616 358 681 dicit
380 616 530 680 Esaias:
565 614 786 679 exoaeoauit
819 615 950 679 oculos
984 632 1109 677 eorum
1144 617 1181 677 et
1212 611 1409 677 indurauit

262 742 323 787 cor
355 741 483 787 eorum
517 724 553 786 61
584 722 743 804 reliqua.
777 740 839 785 non
872 722 1019 803 poterant
1051 720 1176 785 credere
1208 719 1255 783 ita
1283 718 1406 796 dicitur,

261 829 345 894 sicut
368 832 400 893 et
422 847 480 893 nos
510 847 603 910 saepe
631 828 739 910 aliqua
767 827 904 892 dicimur
931 846 992 891 non
1020 845 1126 907 posse,
1152 826 1226 908 quia
1250 827 1406 891 nolumus.

262 936 294 999 et
317 935 355 999 de
378 935 540 1000 Pharaone
565 933 727 999 scribitur:
761 934 798 998 in
831 934 902 1000 hoc
933 933 1057 1015 ipsum
1092 932 1257 997 excitaui
1289 933 1336 1009 te,
1370 934 1409 995 ut

262 1041 456 1106 ostendam
479 1041 516 1104 in
540 1043 576 1105 te
599 1040 785 1105 uirtutem
809 1058 937 1105 meam.
963 1058 1065 1121 neque
1086 1038 1169 1103 enim
1189 1038 1277 1113 dixit,
1298 1038 1329 1100 in
1348 1038 1408 1101 hoc
1437 1061 1450 1099 a

260 1147 387 1224 161661,
413 1150 449 1211 ut
471 1146 546 1211 talis
576 1166 674 1222 esses,
704 1146 761 1210 sed
784 1146 815 1210 in
841 1145 901 1211 hoo
924 1148 956 1211 te
981 1146 1063 1230 elegi
1088 1148 1119 1209 et
1143 1144 1309 1223 suscitaui,
1339 1163 1409 1209 oum

260 1253 325 1317 iam
347 1257 380 1317 te
404 1254 501 1317 talem
519 1254 587 1335 ipse
610 1252 759 1327 fecissem
781 1272 855 1336 orgo
880 1255 912 1316 et
935 1252 987 1315 bio
1012 1250 1169 1317 excaecati
1193 1270 1303 1315 eorum
1328 1250 1410 1315 oculi

262 1362 295 1424 et
316 1360 499 1424 induratum
523 1377 577 1423 cor
600 1378 670 1423 esse
694 1358 820 1435 dicitur,
846 1358 920 1439 quia
942 1358 1006 1422 iam
1031 1378 1064 1423 se
1089 1358 1151 1440 ipsi
1174 1358 1234 1423 hac
1259 1358 1409 1422 caecitate

263 1467 375 1550 dignos
400 1467 576 1531 effecerant.
601 1469 748 1529 excaecat
770 1466 877 1528 autem
897 1468 930 1529 et
947 1464 1075 1528 indurat
1098 1464 1245 1529 dominus
1266 1467 1410 1546 peccato-

263 1592 329 1637 rem
362 1571 532 1637 deserendo
566 1574 598 1635 61
629 1591 690 1636 non
724 1570 914 1636 adiuuando.
949 1570 976 1635 si
1005 1569 1056 1635 oui
1084 1574 1190 1635 autem
1219 1590 1333 1635 sensus
1361 1569 1411 1633 bio
1429 1593 1454 1631 ιο

262 1679 529 1761 profundissimae
553 1677 749 1760 quaestionis
773 1678 879 1741 minus
903 1677 1023 1754 fecerit,
1044 1677 1268 1742 contremiscat
1286 1696 1409 1741 mecum

265 1789 297 1851 et
330 1785 429 1849 dicat:
468 1785 614 1849 iudicia
647 1784 787 1848 domini
821 1784 982 1867 abyssus
1015 1785 1145 1863 multa,
1185 1784 1259 1867 quia
1294 1783 1412 1848 iudicia

264 1892 311 1956 dei
338 1910 462 1972 semper
483 1891 570 1956 iusta
593 1893 670 1955 sunt
693 1890 750 1955 sed
772 1890 953 1972 frequenter
977 1889 1112 1957 occulta.

309 2025 383 2090 llll.
405 2021 490 2102 Quid
504 2024 553 2087 est
567 2023 659 2101 illud,
675 2022 759 2106 quod
780 2022 942 2087 scribitur:
964 2021 1065 2086 sicut
1085 2040 1221 2103 sponso
1241 2022 1413 2103 inposuit

265 2130 523 2194 mihimitram
543 2131 579 2193 et
603 2129 705 2193 sicut
728 2147 903 2211 sponsam
924 2127 1075 2191 ornauit
1094 2147 1149 2191 me
1170 2129 1411 2192 ornamento?
1431 2151 1454 2187 a

266 2236 441 2320 quomodo
464 2235 551 2299 idem
575 2254 711 2317 sponsus
736 2237 768 2299 et
792 2238 929 2316 sponsa?

310 2371 338 2434 A
362 2369 464 2452 capite
485 2369 524 2432 ad
544 2387 657 2451 corpus
680 2368 850 2432 transitum
873 2366 963 2431 fecit:
990 2370 1102 2450 caput
1126 2366 1222 2431 enim
1238 2366 1414 2433 Christus

267 2481 334 2556 est,
365 2495 499 2559 corpus
529 2474 705 2553 ecclesia,
735 2473 791 2538 sed
814 2476 920 2538 tamen
945 2475 1115 2557 utrumque
1139 2493 1209 2539 esse
1234 2477 1361 2540 constat
1384 2474 1414 2538 in

268 2585 403 2652 Christo.
437 2583 575 2648 notanda
607 2601 682 2648 uero
707 2584 740 2646 et
762 2582 898 2646 tenenda
931 2582 1043 2665 regula
1074 2581 1162 2660 haec,
1187 2601 1267 2664 quae
1291 2583 1322 2646 in
1346 2601 1415 2664 pro-

266 2691 372 2774 phetis
395 2690 574 2772 frequenter
595 2689 728 2754 incurrit
751 2707 905 2772 generans
932 2687 1153 2772 ignorantibus
1178 2688 1415 2765 obscuritatem,
1429 2708 1454 2746 ro
1535 2717 1536 2770 p

268 2818 341 2862 cum
374 2800 430 2860 aut
462 2797 499 2860 de
533 2796 635 2879 capite
669 2795 709 2859 ad
741 2814 855 2878 eorpus
888 2797 944 2859 aut
976 2793 1014 2861 de
1048 2813 1176 2877 corpore
1200 2795 1240 2858 ad
1264 2796 1359 2876 caput
1383 2813 1415 2858 se
1535 2787 1536 2790 ’

267 2904 451 2987 prophetiae
476 2903 549 2967 ordo
574 2902 742 2967 conuertit.

315 3037 353 3102 V.
379 3036 533 3107 Caelum
556 3035 648 3099 mihi
670 3035 831 3099 thronus
852 3037 920 3110 est,
941 3037 1042 3099 terra
1062 3036 1186 3098 autem
1206 3034 1416 3098 scabellum

268 3144 404 3226 pedum
428 3162 605 3218 meorum,
628 3161 690 3225 quo
709 3142 804 3206 modo
828 3142 888 3206 hoc
912 3140 1057 3224 intellegi
1080 3143 1196 3223 potest,
1215 3159 1286 3206 cum
1305 3141 1415 3222 utique

270 3250 364 3314 deum
387 3249 607 3331 incorporeum
632 3266 701 3312 esse
726 3247 913 3312 credamus?
1434 3268 1458 3308 aa

315 3381 497 3446 Secundum
522 3380 784 3445 consuetudinem
813 3379 1002 3445 elocutionis
1030 3381 1155 3445 nostrae
1179 3379 1309 3444 uidetur
1331 3380 1415 3444 habi-

269 3493 338 3552 tum
373 3487 537 3570 designare
569 3487 742 3570 regnantis,
771 3489 809 3550 ut
839 3487 1047 3570 intellegatur
1079 3485 1157 3551 deus
1189 3488 1244 3551 uel
1276 3485 1416 3551 habitare

271 3594 421 3658 caelestia
442 3594 497 3657 uel
520 3593 665 3657 subiecta
688 3592 802 3658 babere
826 3594 957 3657 terrena.

360 3835 488 3901 aare,
509 3835 544 3888 16
632 3836 665 3888 12
683 3835 728 3889 Ps.
747 3835 829 3888 35.7
904 3835 937 3889 14
955 3835 1001 3889 Es.
1021 3836 1063 3900 61,
1085 3835 1118 3890 10
1196 3835 1229 3888 17
1248 3834 1318 3903 Eph.
1340 3833 1364 3899 5,
1383 3835 1416 3887 93

272 3923 465 3989 23116611]

308 4090 464 4145 adicimus
487 4092 513 4146 V
583 4093 732 4147 4faraonc
751 4093 838 4147 PAV
908 4047 1017 4148 (italis
1041 4057 1146 4148 esse'P
1217 4094 1375 4148 lexoecati
1393 4093 1421 4146 P

274 4206 376 4276 8ipse
403 4207 430 4260 V
517 4209 550 4279 Ι9
571 4175 667 4263 61166ιῖ1
685 4209 713 4262 P
780 4210 811 4261 ll
832 4174 1042 4278 profundissimi
1060 4210 1088 4263 P
1181 4212 1377 4263 contremescat
1394 4209 1421 4262 P
1534 4257 1535 4288 ζ

275 4323 524 4379 1561116611]
578 4325 613 4380 23
625 4327 720 4378 tronus
737 4323 762 4375 V
820 4325 855 4377 24
868 4323 1081 4394 intellegendum
1098 4324 1179 4378 estV
1239 4325 1274 4378 26
1287 4291 1421 4379 nostrdP
1534 4307 1535 4314 ἵ
