3092 5000
493 470 814 523 instructionum
838 461 903 523 lib.
928 470 949 523 Ι.
1251 472 1291 537 99

188 666 259 729 Non
291 666 372 730 bene
404 666 546 747 plerique
580 665 772 728 arbitrantur
805 664 952 747 abyssum
982 663 1034 727 hic
1062 665 1214 728 amictum
1243 664 1292 729 dei

148 773 307 855 appellari,
341 792 414 836 cum
430 772 554 861 lpotius
588 772 741 836 amictum
772 775 873 835 terrae
907 770 969 835 dici
996 772 1065 855 ipse
1094 771 1292 852 superiorum

145 898 294 943 uersuum
319 880 395 944 ordo
420 879 569 955 declaret,
594 897 630 942 eo
656 878 741 961 quod
764 880 847 942 terra
870 877 940 961 ipsa
964 878 1077 962 abysso
1103 878 1192 960 quasi
1217 897 1291 960 quo·

145 986 216 1049 dam
238 986 336 1069 pallio
361 985 556 1051 circumdata
578 986 633 1050 uel
657 985 851 1050 circumfusa
874 985 1010 1049 ueletur.

115 1117 126 1155 ⁵
186 1092 362 1159 XXXXVI.
378 1090 447 1171 Quo
467 1092 561 1155 modo
582 1093 668 1156 stant
692 1110 788 1174 super
811 1094 936 1155 montes
961 1108 1071 1172 aquae,
1097 1091 1171 1172 quia
1195 1091 1290 1174 scrip-

10 1191 11 1194 ’
142 1200 211 1261 tum
236 1201 299 1262 est:
324 1217 437 1281 super
459 1200 605 1263 montes
630 1198 786 1261 stabunt
811 1200 948 1279 aquae?

185 1304 303 1386 Utique
324 1324 397 1368 oum
417 1306 472 1367 aut
490 1304 602 1387 plenae
623 1304 713 1386 aquis
732 1304 833 1368 nubes
854 1322 949 1386 super
964 1308 1087 1368 montes
1105 1304 1290 1385 dependent,

142 1414 196 1474 aut
219 1410 347 1475 cumin
370 1412 451 1474 mari
474 1411 575 1475 undae
599 1410 638 1473 ad
661 1411 819 1475 montium
842 1410 942 1475 instar
966 1411 1149 1477 excitantur.

10 1591 11 1606 ἢ
184 1517 374 1581 XXXXVII.
410 1514 494 1596 Quid
531 1516 729 1581 sentiendum
768 1519 818 1581 est
849 1517 880 1581 in
914 1517 985 1593 hoc,
1019 1517 1104 1599 quod
1135 1518 1288 1601 legimus:

10 1653 11 1712 3
101 1650 123 1689 n
146 1622 255 1688 draco
279 1624 354 1688 iste
379 1644 487 1707 quem
511 1623 687 1688 formasti
711 1622 754 1687 ad
777 1622 1027 1688 inludendum
1052 1622 1128 1689 eis?

10 1719 11 1722 ¹
184 1731 284 1795 Draco
308 1730 370 1794 iste
394 1730 541 1794 diabolus
565 1732 616 1793 est
638 1730 695 1794 sed
719 1732 791 1793 ante
815 1729 969 1794 formatus
995 1749 1012 1793 a
1035 1724 1172 1808 domino}
1194 1749 1289 1811 quam

138 1836 169 1898 in
202 1854 315 1900 nomen
349 1836 468 1901 diaboli
504 1836 702 1900 uoluntariae
740 1836 900 1918 nequitiae
938 1836 1087 1901 transiret
1122 1836 1287 1900 instinctu.

139 1942 221 2007 huno
245 1944 400 2026 propheta
422 1944 533 2007 Esaias
558 1962 576 2006 a
598 1943 740 2026 paruulis
766 1942 917 2007 describit
940 1943 1053 2006 inludi.

180 2049 388 2113 XXXXVlll.
413 2047 483 2128 Qua
505 2049 626 2113 ratione
648 2048 898 2131 intellegendum
923 2052 982 2124 est,
1008 2047 1091 2130 quod
1122 2048 1285 2113 scribitur:

100 2188 121 2227 15
138 2155 277 2219 ferrum
301 2156 554 2238 pertransiuit
578 2155 699 2219 anima
722 2155 826 2222 eins?

10 2263 11 2270 ’
182 2261 329 2327 Christus
352 2262 405 2326 hic
428 2263 687 2327 manifestissimo
712 2262 906 2347 designatur,
927 2282 962 2326 eo
987 2262 1071 2344 quod
1093 2263 1286 2347 resurgendo

136 2368 344 2453 adfigentium
359 2369 523 2433 clauorum
538 2369 678 2434 dolorem
694 2370 932 2451 cruciatumque
948 2370 1155 2451 superauerit.
1179 2372 1287 2451 potest

136 2475 186 2540 hic
209 2475 328 2541 ferrum
352 2479 384 2540 et
406 2476 570 2540 tribulatio
596 2474 691 2540 durae
715 2476 915 2541 necessitatis
944 2476 1098 2560 intellegi,
1125 2476 1198 2559 quia
1221 2478 1285 2541 ani-

135 2601 219 2646 mam
253 2583 344 2659 dinit3
379 2583 547 2666 aliquando
580 2585 687 2646 tamen
721 2583 880 2647 animuin
905 2583 1070 2666 scripturis
1104 2583 1197 2647 etiam
1228 2604 1284 2665 pro

10 2694 11 2719 l
95 2723 119 2761 20
136 2689 295 2768 praesenti
327 2689 396 2753 uita
428 2690 616 2772 appellatur,
649 2693 687 2752 ut
718 2689 750 2752 in
785 2690 967 2773 euangelio:
1005 2709 1125 2753 nonne
1163 2690 1285 2754 anima

135 2795 221 2876 plus
247 2797 305 2859 est
329 2814 437 2876 quam
461 2800 568 2861 esca?
1162 2801 1163 2804 ’

177 2901 403 2966 XXXXVllIl.
429 2899 511 2979 Quid
534 2901 617 2966 inter
639 2903 798 2984 psalmum
823 2907 854 2966 et
879 2903 1036 2967 canticum
1059 2903 1211 2970 interest?

179 3006 271 3085 Quod
294 3009 438 3090 psalmus
462 3028 497 3072 en
521 3009 671 3090 psalterio
696 3010 885 3090 appellatur,
910 3013 943 3072 at
965 3028 1040 3073 uero
1066 3010 1223 3074 canticum
1249 3029 1284 3074 en

10 3202 11 3205 Ἴ
134 3132 213 3178 uoce
236 3114 403 3196 profertur,
429 3118 460 3179 et
484 3115 568 3196 quod
592 3115 751 3180 canticum
774 3135 830 3197 pro
856 3116 1000 3193 scientia,
1020 3134 1074 3198 pro
1096 3135 1187 3197 opere
1208 3135 1281 3180 uero

10 3210 11 3291 ἶ
92 3252 117 3291 25
134 3220 278 3300 psalmus
311 3221 479 3301 accipitum
513 3222 656 3303 psalmus
690 3240 764 3304 ergo
798 3221 838 3284 ad
872 3223 1038 3299 actualem,
1076 3221 1109 3284 id
1146 3224 1205 3299 est,
1244 3221 1283 3286 ad

10 3314 11 3341 l
133 3326 304 3406 practicen,
326 3327 484 3390 canticum
499 3346 574 3391 uero
589 3327 629 3390 ud
645 3327 935 3410 contemplatiuam
951 3327 984 3390 id
1000 3330 1058 3406 est,
1075 3329 1113 3391 ad
1128 3329 1282 3393 theoriam

133 3433 275 3500 refertur.
782 3493 784 3498 .

174 3540 211 3602 L.
240 3539 390 3604 Iurauit
419 3540 590 3605 dominus
619 3561 686 3605 nec
714 3541 930 3622 paenitebit
959 3560 1054 3618 eum3
1095 3560 1156 3622 quo
1186 3541 1280 3605 modo

130 3645 215 3709 iurat
238 3645 406 3710 dominus?

220 3879 299 3932 sPs.
384 3879 417 3933 10
441 3879 477 3934 ib.
504 3881 564 3945 103,
590 3882 625 3934 26
709 3882 742 3935 15
766 3883 802 3937 ib.
828 3882 888 3944 104,
914 3881 946 3935 18
1029 3882 1063 3936 20
1086 3881 1170 3935 Matlr.
1196 3883 1222 3945 6,
1245 3881 1280 3934 25

131 3967 162 4021 28
182 3967 227 4020 Ps.
252 3967 350 4031 roal

165 4089 412 4144 Idci-amictum
431 4107 482 4144 om.
502 4097 525 4141 A
598 4094 724 4162 iaquae
748 4093 774 4146 V
846 4093 878 4147 12
903 4094 1011 4146 nomino
1036 4092 1062 4145 V
1134 4094 1167 4146 16
1191 4093 1277 4146 ruani-

130 4177 341 4248 festissimfseP
389 4180 421 4232 17
437 4180 593 4234 dodolorem
608 4182 712 4250 (prima
724 4182 986 4251 syllabaerasu)P
1037 4183 1069 4235 19
1085 4183 1174 4235 anima
1189 4198 1239 4235 om.
1255 4182 1281 4234 V

130 4294 164 4347 ‘20
182 4297 214 4346 nt
232 4310 284 4348 cru.
306 4298 330 4345 A
422 4295 456 4350 23
476 4254 552 4350 abs
623 4297 658 4350 24
676 4297 898 4367 prophetaturS
973 4297 1167 4369 ot-aocipitur
1187 4297 1282 4351 omni*

131 4383 164 4436 17
184 4383 359 4452 appellantur
377 4384 400 4438 S
453 4384 488 4437 28
507 4387 649 4454 peneteuit
668 4385 690 4439 S
743 4387 777 4440 29
796 4387 899 4440 iurauit
917 4386 939 4440 S

1177 4493 1208 4544 7*
