3092 5000
474 369 794 424 instructionum
821 372 887 427 lib.
915 371 937 428 I.
1227 366 1290 441 115

150 569 219 651 qnia
245 565 391 629 homines
420 566 494 629 dum
523 565 576 630 alii
605 566 677 631 aliis
701 568 774 649 plus
799 568 946 633 minusue
970 569 1106 652 capiant,
1132 574 1230 654 utque
1254 572 1294 635 ad
1323 558 1326 563 ¹

149 691 324 738 mensuram
357 672 503 755 spiritum
538 673 679 756 accipere
712 674 872 753 uidentur,
904 676 992 739 iuxta
1023 677 1102 740 illud
1137 677 1289 759 apostoli:

148 781 341 844 babentes
382 781 516 843 autem
560 780 804 846 donationes
852 782 1071 847 secundum
1119 784 1291 865 gratiam

149 905 244 967 qliae
273 886 367 949 data
396 889 458 949 est
486 884 614 965 uobis,
640 886 887 953 differentes
917 888 1005 953 siue
1033 889 1291 971 prophetiam
1376 916 1377 920 ¹

119 992 365 1057 saecundum
387 1012 613 1057 mensuram
636 992 749 1070 fidei,
773 994 806 1058 et
830 997 942 1059 cetera.
969 994 1094 1060 Christo
1123 1014 1198 1060 uero
1223 996 1292 1059 uni-

147 1100 249 1182 genito
283 1117 341 1163 suo
375 1098 430 1181 qui
463 1099 558 1162 etiam
591 1098 646 1162 dat
677 1118 740 1164 nou
773 1086 823 1165 est
860 1100 991 1183 spiritus
1030 1101 1068 1163 ad
1105 1121 1286 1165 mensuram

147 1207 248 1282 datus,
274 1206 348 1288 quia
370 1207 402 1268 in
427 1224 463 1270 eo
488 1210 538 1270 est
561 1207 663 1271 omnis
686 1208 852 1290 plenitudo
877 1208 1064 1272 diuinitatis.

188 1314 261 1379 llll.
296 1312 443 1377 Saluator
475 1311 567 1377 dicit:
606 1333 677 1379 uos
712 1314 924 1379 ascendite
958 1315 1003 1379 ad
1036 1315 1140 1379 diem
1173 1316 1288 1392 hunc,

148 1438 217 1502 ego
243 1439 317 1485 non
342 1419 516 1484 ascendo
541 1419 587 1484 ad
606 1420 711 1485 diem
729 1422 883 1486 festum
901 1423 1041 1499 istum3
1063 1425 1094 1486 et
1113 1442 1175 1504 quo
1194 1422 1289 1486 modo

108 1549 129 1585 ιο
145 1531 257 1609 postea
285 1526 435 1590 scribitur
465 1525 503 1590 de
527 1544 578 1591 eo:
607 1529 651 1590 ut
679 1531 812 1592 autem
840 1528 1114 1593 ascenderunt
1141 1528 1292 1592 fratres

147 1633 242 1711 eius,
267 1635 362 1696 tunc
388 1632 536 1713 etipse
560 1632 751 1697 ascendit
776 1632 820 1697 ad
846 1633 948 1699 diem
972 1634 1147 1699 festum?

190 1738 315 1803 Ueritas
348 1738 549 1803 mendacium
580 1740 670 1822 loqui
702 1758 764 1806 uou
797 1743 913 1831 potest,
952 1745 1047 1824 atque
1079 1740 1197 1804 idcirco
1231 1760 1291 1805 non

146 1846 230 1909 aliud
260 1847 376 1910 alesu
404 1846 525 1910 iactum
553 1850 612 1922 est,
641 1866 736 1929 quarn
765 1847 851 1930 quod
875 1866 908 1911 se
933 1848 1193 1931 pronuntiauerat
1223 1866 1292 1911 esse

145 1952 313 2019 facturum.
348 1953 551 2037 scenopegia·
566 1954 649 2016 enim
676 1954 863 2018 solemnitas
887 1954 1077 2019 ludaeorum
1101 1974 1162 2019 non
1191 1974 1291 2017 uuum

107 2081 129 2119 15
146 2059 226 2122 diem
252 2058 308 2122 sed
331 2059 437 2140 plures
462 2057 528 2122 dies
553 2058 754 2123 solemnitate
773 2060 984 2141 conplectitur
1002 2060 1086 2124 sicut
1106 2062 1137 2123 et
1154 2059 1289 2142 paschae

145 2166 313 2230 lestiuitas.
335 2184 408 2249 ergo
429 2166 504 2247 quia
522 2165 725 2241 diremtum
746 2166 880 2249 asoeudp
901 2166 939 2231 ad
959 2165 1042 2229 diem
1061 2166 1179 2230 festum
1197 2165 1291 2243 hunc,

144 2274 254 2354 utique
279 2272 318 2336 ad
341 2272 426 2335 diem
449 2271 568 2335 festum
591 2273 708 2353 ipsum,
728 2272 813 2336 sicut
832 2272 1036 2355 praedixerat,
1056 2291 1117 2335 non
1138 2270 1290 2350 ascendit,

144 2398 215 2441 nam
244 2381 276 2441 et
304 2376 450 2460 sequitur
476 2378 508 2441 in
537 2378 723 2462 euangelio:
752 2380 831 2443 haee
860 2398 933 2443 cnm·
962 2378 1103 2457 dixisset,
1126 2379 1206 2459 ipse,
1230 2378 1291 2441 hoc

145 2487 194 2548 est
216 2484 365 2562 sulcator,
389 2484 508 2549 mansit
526 2484 557 2548 in
574 2483 725 2559 Galilaea,
745 2489 784 2549 ut
801 2484 1024 2570 intellegamus
1047 2486 1079 2548 in
1105 2503 1142 2549 ea
1165 2483 1291 2567 quidem

105 2615 127 2651 20
145 2590 355 2668 solemnitate,
379 2591 436 2656 sed
460 2610 521 2656 non
546 2591 680 2655 eundem
704 2591 790 2656 diem
812 2591 910 2656 ioisse
935 2592 973 2656 de
997 2610 1058 2674 quo
1082 2593 1193 2674 postea
1217 2591 1291 2654 scri-

145 2699 244 2762 bitur:
269 2702 306 2761 ut
329 2703 435 2762 autern
456 2699 666 2762 ascenderunt
679 2698 796 2762 «fratres
817 2697 895 2777 eius,
915 2702 991 2762 tunc
1013 2701 1044 2762 et
1062 2699 1130 2780 ipse
1148 2696 1291 2761 ascendit

145 2804 182 2866 ad
210 2805 295 2868 diem
322 2805 451 2868 festum.
489 2807 597 2887 potest
624 2808 657 2868 et
683 2805 817 2889 figurate
845 2805 989 2890 intellegi
1017 2805 1068 2869 hio
1097 2804 1164 2867 dies
1187 2804 1289 2866 festus

146 2910 183 2973 ad
211 2929 305 2992 quem
334 2911 475 2975 saluator
501 2929 534 2974 se
562 2931 623 2976 non
652 2930 858 2977 ascensurum
883 2930 953 2976 esse
980 2911 1145 2993 professus
1170 2911 1291 2987 estut

144 3015 173 3079 in
199 3036 232 3080 se
255 3017 440 3081 mutandam
463 3017 671 3081 festiditatem
695 3018 832 3081 doceret.

12 3170 13 3173 η
105 3147 128 3186 a
187 3123 225 3185 V.
251 3121 394 3202 Qualiter
425 3124 625 3188 sentiendum
658 3128 708 3188 est
740 3124 778 3188 de
810 3125 880 3189 loco
913 3124 969 3188 illo
997 3125 1029 3188 in
1059 3123 1189 3204 quode
1213 3122 1289 3186 Iesu

146 3230 270 3294 Christo
308 3230 465 3295 saluatore
501 3235 609 3295 nostro
643 3231 805 3295 scribitur:
839 3250 950 3295 nemo
983 3230 1098 3293 misit
1129 3229 1169 3292 in
1203 3247 1288 3292 eum

145 3355 292 3411 manue,
317 3337 413 3419 quia
436 3337 609 3401 nondum
635 3340 802 3401 uenerat
825 3337 922 3401 hora
946 3337 1044 3400 eius.

186 3443 272 3506 Hora
290 3442 367 3506 haec
386 3462 446 3507 nou
467 3443 642 3507 secundum
661 3443 903 3508 mathematicos
923 3443 1136 3526 intellegenda
1155 3444 1213 3519 est,
1234 3440 1290 3504 sed

232 3647 343 3700 suom.
370 3647 448 3712 rao
539 3645 741 3716 aroenae)
833 3647 1007 3712 eronus
1100 3625 1288 3713 renato

143 3735 332 3800 asinaeo

175 3876 291 3932 4nobis
314 3877 393 3932 nobie
412 3879 545 3945 (alimum
562 3851 646 3945 erue.)
665 3878 693 3931 P
782 3877 861 3932 nobis
884 3894 936 3932 om.
960 3878 986 3931 V
1074 3833 1288 3933 dedidurdqu⁶non

143 3996 183 4046 est
204 3993 233 4047 P
255 3994 320 4060 (eie)
412 3993 596 4047 descendam
620 3993 647 4047 V
739 3993 773 4048 13
802 3994 883 4047 aliter
905 3995 933 4048 A
1029 3995 1063 4046 14
1087 3959 1240 4065 s⁰en0pegia
1263 3995 1290 4048 P

142 4082 211 4135 enirn
230 4097 283 4137 om.
302 4083 329 4135 A
420 4083 454 4136 16
472 4082 680 4136 huuc—festum
700 4099 751 4136 om.
771 4081 831 4136 AV
920 4083 953 4136 19
972 4081 1084 4152 gallilea
1102 4081 1188 4136 PAV
1257 4085 1289 4136 ut

140 4197 295 4266 supradict.
314 4197 343 4250 P
415 4197 452 4252 20
470 4199 670 4260 solemnitatem
690 4199 718 4251 P
793 4199 828 4251 23
848 4155 948 4268 aduam
967 4199 995 4251 P
1065 4199 1099 4251 25
1120 4195 1163 4267 de]
1183 4198 1211 4250 iu
1230 4199 1291 4252 AV

141 4287 174 4339 26
193 4286 296 4340 christo
315 4303 366 4340 om.
387 4286 445 4340 AV
514 4305 545 4340 eo
565 4288 592 4341 A
668 4287 703 4340 28
721 4287 799 4356 haec]
820 4288 878 4340 eius
896 4287 955 4341 AV
1043 4286 1291 4342 mathimaticusd'

1181 4393 1213 4447 3*
