3092 5000
641 373 858 428 Praefatio.
1226 380 1318 444 Vssll

176 570 371 637 adsentiente
400 571 459 636 hoc
488 569 704 654 fragmentum
735 587 806 635 eum
837 572 986 654 psalterio
1020 572 1225 656 Lugdunensl
1257 577 1322 638 arte

175 679 379 744 coniunctum
403 696 474 742 esse
499 677 686 759 contendit.)

218 785 369 850 Attamen
399 803 478 865 quae
508 803 583 846 uera
613 787 698 848 esset
726 784 822 848 huius
852 784 971 848 codicis
999 785 1122 850 indoles
1150 789 1323 868 naturaque

175 892 258 974 quod
273 911 375 973 neque
390 890 473 954 uidit
486 909 587 972 neque
603 890 761 955 intellexit
776 891 889 956 doctus
908 892 963 956 ille
982 893 1156 958 monachus
1178 892 1209 958 S.
1228 894 1324 957 Bene·

175 999 260 1073 dicti,
282 1017 472 1081 quamquam
493 1017 566 1061 eum
586 997 686 1061 edidit
703 998 736 1062 in
759 998 840 1062 libro
865 1017 959 1080 supra
981 999 1142 1063 nominato
1162 1020 1192 1082 p.
1213 1001 1323 1064 507-

175 1107 249 1183 569,
276 1104 327 1169 eui
352 1104 567 1170 dissertationi
589 1104 774 1170 inscribitur
798 1105 938 1169 Sancti
968 1105 1161 1169 Eucherii
1193 1105 1323 1171 Codex

175 1230 277 1275 saec.
306 1211 372 1289 VI,
398 1211 550 1292 deceptus
575 1213 634 1289 est,
660 1231 722 1293 quo
750 1213 852 1293 pretio
877 1215 963 1278 esset
984 1213 1017 1278 iu
1040 1212 1194 1277 Eucherio
1219 1232 1323 1276 emen·
1441 1237 1443 1247 ·

174 1317 285 1382 dando.
329 1317 462 1382 Clauem
500 1336 596 1398 quam
634 1317 744 1382 dicunt
776 1319 1016 1384 Melitonianam
1048 1338 1067 1382 a
1099 1337 1132 1382 se
1165 1319 1322 1383 detectam

175 1423 372 1505 summisque
406 1441 479 1487 cum
513 1423 597 1488 curis
630 1424 708 1488 iuris
742 1424 864 1506 publici
891 1424 1009 1488 factam
1036 1425 1157 1489 fontem
1182 1445 1261 1503 esse,
1287 1446 1322 1491 ex

174 1549 235 1612 quo
255 1530 423 1594 Formulae
447 1532 640 1607 manassent,
662 1530 873 1596 contendebat
891 1531 1149 1612 adfirmabatque.
1175 1534 1322 1614 quamuis

173 1636 454 1701 uehementissime
478 1635 509 1700 in
535 1655 588 1701 eos
614 1637 656 1701 sit
680 1637 827 1701 inuectus
858 1638 911 1720 qui
940 1639 968 1702 ei
992 1638 1086 1702 fidem
1115 1639 1321 1723 denegabant,

172 1746 279 1806 tamen
307 1743 367 1807 hoc
394 1745 536 1826 tempore
566 1743 699 1807 dubium
729 1763 799 1808 esse
838 1745 958 1827 nequit,
987 1745 1063 1826 quin
1097 1745 1140 1810 sit
1170 1747 1321 1827 deceptus

173 1847 235 1935 (Cf.
271 1848 306 1913 V.
336 1849 551 1914 Rottmoaaer.
585 1847 620 1915 0.
637 1847 670 1912 S.
687 1849 729 1914 B.
758 1849 967 1915 Ltterarc'sche
999 1851 1193 1916 Roadscboa
1225 1856 1321 1919 1884.

173 1956 233 2021 Nc.
262 1961 308 2021 24
329 1978 365 2038 p.
396 1962 462 2020 739
493 1979 557 2038 sqq.
592 1956 755 2022 Dacbesac
787 1956 904 2022 Balla.
936 1958 1004 2022 erit.
1038 1961 1125 2021 1885
1157 1958 1216 2035 Nr,
1250 1963 1321 2023 101.

172 2063 234 2128 Dr.
263 2061 297 2128 0.
324 2063 471 2131 Thomas.
506 2063 616 2128 Melite
648 2084 706 2127 voa
731 2061 857 2128 Sardes
886 2063 1067 2128 Osaabrc'telc
1102 2069 1193 2133 1893.
1219 2065 1321 2130 Zaba.

173 2170 354 2251 Zettsehrc'ft
376 2171 430 2251 1111
452 2170 985 2252 11111111111111111111111.1884.
1004 2174 1237 2254 11628111).
1262 2192 1322 2236 non

173 2281 223 2343 est
255 2297 334 2360 opus
369 2278 540 2364 genuinum
574 2278 748 2356 Melitonis,
783 2279 839 2343 sed
872 2281 975 2342 aetate
1007 2280 1110 2344 multo
1148 2279 1322 2361 posteriore

173 2386 274 2449 latina
296 2386 408 2470 lingua
432 2385 621 2450 confectum.
649 2386 740 2449 litem
773 2386 876 2451 adhuc
911 2387 970 2450 sub
999 2386 1103 2451 iudice
1132 2405 1203 2450 esse
1230 2406 1322 2451 nemo

176 2492 322 2557 adfirmat
345 2492 407 2558 nisi
430 2493 660 2557 Bernardus
691 2493 713 2559 J
721 2513 931 2578 ungmann,
956 2494 1011 2576 qui
1033 2492 1163 2575 losephi
1186 2493 1323 2557 Fessleri

176 2600 398 2665 institutiones
429 2598 630 2685 Patrologiae
664 2601 765 2665 denuc
799 2601 959 2665 recensuit
993 2599 1184 2685 (Oeniponte
1223 2601 1323 2682 1890)

176 2708 265 2772 Tem.
290 2708 361 2789 lp.
386 2710 461 2774 239.
486 2708 671 2772 adtentum
695 2708 955 2772 constituendum
980 2707 1088 2773 Olauis
1110 2707 1211 2790 igitur
1233 2707 1323 2771 Meli-

176 2814 304 2879 toniena
327 2814 448 2878 nullius
473 2817 523 2879 est
545 2814 706 2878 momenti.
733 2814 853 2895 quade
874 2832 970 2878 causa
988 2814 1095 2878 mirari
1113 2834 1175 2878 non
1193 2815 1323 2895 poteris,

177 2922 204 2987 si
222 2921 400 3002 permultae
419 2920 480 2984 tibi
500 2923 670 2985 occurrunt
688 2920 913 2985 hariolationes
928 2921 1162 3005 prolegomenis
1177 2921 1323 2998 insertae,

177 3029 293 3110 quibus
323 3029 362 3092 ad
390 3028 580 3092 sententiam
609 3047 699 3092 suam
722 3028 914 3092 fulciendam
938 3030 1101 3110 tamquam
1129 3028 1324 3110 argumentis

177 3135 264 3199 Pitra
293 3135 405 3199 utitur.
435 3134 579 3217 quisquis
604 3137 711 3198 autem
733 3134 822 3198 illius
846 3134 908 3197 uiri
931 3133 1017 3198 docti
1039 3134 1202 3217 ingenium
1226 3135 1324 3198 scien-

177 3240 318 3323 tiamque
347 3243 401 3305 uel
428 3240 533 3323 potius
563 3241 748 3323 despectum
776 3259 881 3304 rerum
911 3240 1186 3324 grammaticarum
1211 3259 1324 3323 cogno·

177 3348 270 3427 uerit,
303 3368 365 3414 non
395 3348 503 3432 magni
535 3347 749 3413 aestimandas
784 3367 853 3412 esse
892 3347 1139 3425 obseruationes,
1174 3366 1253 3429 quae
1287 3347 1324 3410 de

177 3474 321 3520 sermone
350 3454 468 3519 codicis
496 3475 526 3537 p.
552 3454 729 3518 rat-503
757 3454 900 3535 prolatae
929 3456 1014 3530 sunt,
1039 3453 1106 3516 sine
1130 3454 1198 3515 ulla
1220 3453 1324 3517 haesi-

176 3562 297 3625 tatione
317 3561 478 3639 concedet,
493 3572 588 3642 quem
607 3579 709 3642 neque
728 3559 760 3622 in
780 3559 886 3623 uerbis
907 3558 1035 3624 edendis
1056 3580 1126 3623 eam
1144 3560 1325 3643 ingressum

178 3686 248 3732 esse
272 3666 357 3731 uiam
382 3669 415 3731 et
442 3667 607 3746 rationem,
633 3686 729 3749 quam
756 3667 806 3730 his
834 3666 1034 3748 temporibus
1057 3685 1133 3730 uero
1160 3664 1324 3750 philologo

178 3773 306 3857 dignam
343 3792 412 3837 esse
453 3774 617 3855 putamus.
652 3791 753 3854 neque
777 3772 810 3835 in
840 3771 1053 3849 adnotatione,
1083 3791 1178 3854 quam
1216 3772 1327 3836 dicunt

179 3878 334 3956 criticam,
358 3881 515 3957 accurata,
541 3898 602 3959 qna
624 3897 680 3961 par
704 3881 763 3955 111,
788 3897 884 3941 usum
909 3896 977 3941 esse
1002 3878 1175 3961 diligentia,
1195 3899 1258 3943 non
1278 3882 1327 3943 111

179 4005 235 4049 cur·
271 3987 416 4069 legentes
455 3986 651 4050 admoneam.
690 3986 837 4051 omnibus
871 3985 955 4048 eninr
986 3985 1092 4049 Pitrae
1125 3986 1246 4049 incuria
1278 3989 1327 4049 est

178 4092 356 4169 notissima,
379 4093 456 4157 licet
478 4093 510 4155 in
534 4092 593 4157 hcc
616 4092 728 4156 libello
747 4092 849 4155 minor
868 4091 910 4155 sit
929 4110 1022 4173 quam
1042 4092 1075 4155 in
1096 4092 1207 4156 ceteris
1228 4092 1326 4174 operi-

177 4199 238 4262 bus
265 4218 346 4281 quae
371 4198 479 4262 edidit.

224 4304 288 4371 Sed
313 4307 467 4387 quaerunt
489 4305 642 4387 undique,
667 4325 728 4387 quo
752 4304 847 4370 modo
872 4323 995 4386 quaque
1018 4305 1138 4369 ratione
1161 4305 1193 4368 in
1219 4305 1326 4369 codice
