3092 5000
202 388 266 450 194

199 581 273 663 plns
297 578 444 645 attuleris
467 599 507 643 an
529 578 635 643 mains
658 579 832 644 inueneris.
858 583 895 643 tn
918 599 1003 645 nunc
1025 579 1131 646 uerior
1148 583 1268 648 Israhel
1293 586 1352 669 qui

200 686 293 751 corde
323 686 418 749 deum
446 685 641 768 conspiceris
670 686 708 749 ab
736 685 881 771 Aegypto
911 688 1031 752 saeculi
1058 688 1198 753 tenebris
1227 688 1352 755 dudum

201 792 366 874 expeditus
400 792 581 857 salutiferas
615 810 714 875 aquas
746 792 911 857 submerso
944 793 1036 858 hoste
1068 795 1287 876 transgressus
1316 794 1352 857 in

201 898 327 964 deserto
361 918 530 964 accensum
563 899 639 963 fidei
671 898 779 982 ignem
812 902 942 964 secutus
975 918 1080 963 amans
1108 900 1265 981 quondam
1293 919 1354 983 per

200 1006 324 1089 lignum
349 1006 453 1070 crucis
477 1005 582 1070 dulcia
610 1026 693 1070 nunc
718 1005 879 1088 experiris,
904 1006 1047 1071 salientis
1070 1005 1102 1070 in
1126 1007 1226 1071 uitam
1250 1009 1352 1071 aeter·
1386 1030 1401 1067 n

200 1132 272 1177 nem
293 1132 392 1195 aqnec
411 1117 522 1196 poium
542 1113 702 1178 sOhristo
722 1112 833 1189 trahis,
853 1114 1014 1178 internum
1032 1114 1194 1179 hominem
1213 1131 1351 1194 snpemc

199 1238 281 1302 psne
304 1219 421 1301 pascis,
446 1219 476 1283 in
501 1220 667 1304 euangelio
696 1221 803 1285 throni
831 1221 880 1284 tui
908 1220 1048 1285 diuinam
1075 1220 1195 1302 accipis
1223 1238 1350 1284 uocem.

201 1326 256 1408 qui
280 1345 354 1391 cum
373 1326 493 1391 Israhel
515 1326 548 1391 in
570 1328 698 1392 heremo
723 1328 904 1405 contineris,
925 1346 998 1393 cum
1016 1327 1091 1391 Iesu
1109 1330 1225 1391 terram
1243 1345 1351 1407 repro-

201 1433 363 1499 missionis
386 1434 530 1500 intrabis.
568 1435 640 1499 nale
663 1434 695 1498 in
720 1433 847 1499 Christo
870 1435 945 1499 lesu
969 1433 1097 1498 domino
1120 1436 1238 1498 nostro.

290 1626 306 1678 7
325 1623 434 1694 (nacti.
455 1624 497 1687 19,
516 1623 562 1694 cs)

237 1747 253 1800 5
277 1746 407 1801 salientes
431 1762 515 1815 aquas
533 1745 623 1800 ΕΓΗ
692 1747 709 1800 6
732 1747 842 1801 interim
861 1746 893 1799 H
965 1745 1092 1799 lthroni
1109 1746 1161 1817 tui]
1186 1746 1303 1799 tonitrui
1321 1748 1353 1802 R

203 1837 335 1903 (sortasse
352 1837 395 1889 ita
413 1834 598 1902 scribendum)
662 1834 678 1889 8
698 1836 857 1905 contineris]
878 1835 1049 1889 commoraris
1068 1834 1127 1888 EF
1182 1834 1302 1903 Explicit
1321 1835 1352 1889 R

201 1924 320 1994 Explicit
343 1925 406 1994 epla
429 1918 472 1978 'sci
501 1924 620 1977 eucherii
648 1923 828 1992 lugdunensis
858 1917 983 1994 archiep-i
1002 1923 1035 1975 sle
1063 1922 1145 1977 laude
1167 1923 1270 1977 heremi
1292 1922 1356 1976 EF

201 2013 235 2067 H
251 2018 290 2067 cst
309 2013 421 2066 mutilus
