3092 5000
173 348 235 410 188
475 340 1018 411 S.EuoheriiLugdunensis

170 539 346 621 apostolus,
372 543 553 618 errantes,
578 539 614 603 in
637 538 833 602 montibus
863 536 952 601 etin
987 534 1184 619 speluncis
1218 540 1254 597 et
1286 534 1325 597 in

171 646 348 710 cauernis
386 651 519 711 terrae.
561 665 619 711 nec
651 645 798 709 inmerito
832 644 964 727 dignum
1001 641 1120 707 talibus
1159 642 1323 723 apostolus

172 755 269 836 negat
283 771 354 817 esse
372 752 526 817 mundum
542 752 707 835 quintiani
723 751 851 815 suntab
868 751 922 815 illo
942 749 1147 833 reipublicae
1167 750 1324 813 humanae

170 859 322 937 tumultu,
347 858 491 941 sepositi,
520 858 631 941 quieti,
656 858 797 934 silentes,
822 876 879 921 nec
903 857 1005 941 magis
1031 856 1147 921 absunt
1171 874 1188 919 a
1211 855 1325 919 uolun-

169 967 236 1029 tate
259 965 411 1048 peccandi
434 983 528 1046 quam
553 983 570 1027 a
593 964 755 1029 facultate.
1357 984 1371 1023 a

216 1072 269 1136 32.
304 1071 389 1137 Clari
418 1071 502 1153 apud
531 1074 655 1136 ueteres
685 1070 805 1135 saeculi
829 1070 925 1133 huius
954 1069 1015 1133 uiri
1044 1069 1209 1154 defatigati
1236 1070 1324 1135 labo-

169 1178 259 1242 ribus
297 1178 499 1261 negotiorum
534 1196 662 1241 suornm
695 1176 727 1240 in
760 1176 995 1259 philosophiam
1028 1193 1062 1240 se
1094 1178 1256 1258 tamquam
1290 1176 1323 1239 in

172 1285 304 1349 domurn
328 1304 420 1348 suam
442 1284 647 1366 recipiebant.
678 1285 797 1365 quanto
826 1282 990 1366 pulchrius
1019 1281 1059 1345 ad
1086 1282 1164 1346 haec
1190 1282 1323 1347 manile-

170 1389 333 1456 stissimae
371 1390 544 1473 sapientiae
581 1390 688 1455 studia
727 1390 891 1473 diuertunt
927 1388 1246 1473 magnificentiusque
1284 1388 1324 1451 ad

170 1496 383 1562 solitudinum
419 1497 600 1561 libertatem
631 1502 664 1560 et
696 1496 894 1561 desertorum
932 1498 1054 1560 secreta
1086 1494 1252 1573 secedunt,
1285 1498 1324 1559 ut
1343 1518 1368 1556 10

167 1603 390 1687 philosophiae
419 1605 546 1668 tantum
573 1607 726 1668 uacantes
754 1603 786 1668 in
816 1604 904 1667 illius
935 1602 1055 1666 heremi
1088 1600 1321 1665 deambulacris

169 1711 334 1792 tamquam
348 1711 380 1775 in
400 1711 466 1776 suis
488 1711 662 1795 gymnasiis
682 1712 910 1779 exerceantur?
924 1710 989 1785 uhi,
1010 1728 1139 1791 quaeso,
1160 1707 1320 1772 salubrius

168 1833 265 1896 quam
288 1817 320 1881 in
345 1817 462 1882 deserti
485 1818 683 1882 habitatione
712 1821 858 1883 seruatur
884 1818 1028 1900 pascha?
1061 1814 1116 1880 sed
1144 1814 1320 1879 uirtutibus

172 1923 205 1985 et
229 1923 433 2003 continentia,
458 1924 662 2002 continentia,
687 1924 829 2007 inquam,
855 1944 934 2006 quae
958 1925 1051 1988 uelut
1077 1922 1139 1987 alia
1166 1922 1320 2004 quaedam

171 2031 221 2092 est
244 2029 348 2094 cordis
371 2030 530 2095 heremus.
567 2050 641 2095 nam
669 2034 701 2095 et
723 2031 833 2096 Moses
861 2030 1070 2114 quadraginta
1094 2030 1260 2094 continuos
1285 2048 1320 2093 se
1340 2050 1366 2089 15

167 2134 199 2197 in
223 2135 350 2202 heremo
375 2136 454 2215 dies,
478 2137 613 2202 totidem
639 2140 769 2219 etpost
793 2158 826 2203 so
849 2138 918 2202 illic
940 2137 1051 2201 Helias
1079 2136 1195 2200 ieiunio
1220 2136 1318 2200 dedit,

169 2245 201 2304 et
229 2245 362 2325 uterque
390 2244 436 2307 ibi
463 2244 601 2310 inediam
629 2245 715 2309 ultra
741 2245 874 2309 humani
902 2244 1032 2309 effectus
1061 2244 1145 2308 uires
1170 2243 1319 2319 extendit,

167 2347 281 2413 deinde
306 2352 339 2413 et
362 2350 510 2415 dominus
532 2351 629 2428 idem,
654 2352 710 2416 sed
737 2352 769 2415 in
799 2351 923 2417 deserto
952 2351 1161 2415 abstinentiae
1189 2352 1318 2433 tempus

167 2454 280 2538 eregit.
296 2474 353 2520 neo
366 2459 528 2539 praeterea
542 2476 678 2540 usquam
689 2458 827 2543 legimus
839 2458 941 2540 spatia
952 2456 1062 2522 eadem
1073 2459 1180 2522 exacta
1188 2455 1318 2533 ieiunio,

167 2565 203 2625 ut
216 2561 394 2643 putandum
409 2564 453 2628 sit
467 2564 606 2646 aliquem
620 2563 718 2628 tribui
732 2583 790 2647 per
804 2563 967 2629 dominum
986 2563 1066 2629 locis
1085 2563 1150 2628 illis
1164 2564 1316 2647 uigorem.
1337 2584 1363 2622 ao

212 2670 265 2732 33.
290 2667 364 2748 Ubi,
384 2689 512 2752 quaeso,
532 2670 636 2752 magis
655 2689 779 2747 uacare,
801 2673 832 2736 et
851 2689 946 2753 quam
966 2670 1077 2735 suauis
1098 2670 1317 2744 sitdominus,

167 2775 275 2840 uidere
304 2777 485 2860 contingit?
518 2776 574 2841 ubi
601 2777 778 2859 promptior
801 2777 841 2841 ad
863 2777 1089 2860 perfectionem
1112 2776 1317 2841 tendentibus

167 2881 221 2944 uia
252 2882 428 2964 panditur?
465 2884 520 2947 ubi
552 2884 654 2948 maior
685 2885 863 2949 uirtutibus
896 2903 1027 2967 campus
1061 2885 1224 2966 aperitur?
1261 2883 1317 2947 ubi

166 2987 293 3053 facilius
316 2989 434 3054 mentis
460 2993 497 3054 ut
523 2991 628 3072 possit
651 2991 894 3073 circumspicere
918 2991 1089 3056 custodia?
1113 2991 1168 3054 uhi
1190 2991 1318 3055 liberior

167 3093 282 3170 cordis,
312 3097 349 3158 ut
377 3095 435 3160 deo
464 3097 626 3162 inhaerere
659 3101 768 3176 certet,
801 3098 946 3173 intentio,
981 3117 1074 3180 quam
1107 3098 1171 3162 illis
1204 3099 1314 3179 utique
1333 3114 1360 3154 2⁵

165 3200 308 3278 secretis,
336 3202 369 3265 in
397 3203 512 3284 quibus
543 3204 636 3269 deum
659 3223 721 3269 non
747 3205 852 3270 solum
884 3205 1025 3269 inuenire
1055 3208 1237 3288 promptum
1266 3207 1315 3268 est

165 3326 278 3371 uernam
303 3307 398 3371 etiam
422 3309 609 3374 custodire?
1241 3290 1243 3296 ¹

257 3500 290 3554 15
309 3500 368 3564 (Ex.
387 3500 431 3565 24,
453 3501 497 3567 18)
554 3502 588 3556 16
609 3501 663 3567 (ΙΙΙ
682 3501 751 3573 Reg.
771 3503 814 3566 19,
833 3503 862 3571 8)
920 3503 953 3557 18
973 3503 1126 3568 (11111114,
1147 3504 1173 3568 2)

200 3623 217 3675 2
236 3622 339 3676 talibus
358 3623 498 3692 apostolus
517 3628 601 3694 negat
620 3626 734 3696 dignum
753 3643 813 3680 esse
832 3626 962 3680 mundum
981 3625 1015 3680 H
1085 3628 1100 3680 3
1119 3627 1238 3680 humano
1257 3627 1316 3681 EF

166 3712 200 3766 1o
217 3711 346 3765 libertate
366 3716 471 3765 secreta
488 3711 547 3766 EF
616 3714 765 3768 succedunt
778 3715 809 3768 F
860 3717 892 3769 11
914 3715 1122 3785 deambulacris]
1140 3716 1272 3770 uastitate
1286 3715 1316 3770 F

166 3801 199 3852 12
219 3815 319 3870 quaeso
343 3817 394 3854 om.
412 3800 441 3855 R
463 3802 495 3854 ia
518 3818 571 3869 quo
596 3803 702 3856 lucana
725 3810 815 3859 exstat
923 3804 1069 3874 salubrius]
1092 3804 1206 3858 liberius
1225 3804 1316 3858 EFH

166 3888 199 3942 13
222 3888 271 3941 sed
293 3904 366 3942 nuno
388 3889 417 3941 in
442 3889 591 3943 uirtutibus
615 3892 786 3945 continentia
804 3891 838 3945 H
926 3894 961 3946 14
985 3893 1118 3962 quaedam
1141 3893 1266 3946 heremus
1283 3894 1311 3948 R

166 3977 199 4029 15
219 3979 261 4030 est
279 3993 331 4030 ooo.
350 3975 383 4030 H
433 3979 466 4031 16
484 3977 655 4049 totidemque
673 3980 732 4034 ΕΕ
789 3981 865 4035 dedit
883 3983 913 4036 E
931 3985 1004 4049 (sup.
1025 3982 1042 4036 1.
1061 3999 1096 4037 ou.
1114 3985 1155 4048 2.)
1211 3983 1246 4037 18
1264 3983 1310 4036 sed

163 4081 215 4118 om.
234 4065 269 4118 Η
322 4065 354 4119 19
375 4068 469 4119 exacto
487 4067 518 4120 E
569 4067 604 4120 20
624 4067 680 4121 illis
699 4069 783 4122 etiam
800 4069 892 4124 EFH
942 4070 976 4124 21
997 4069 1100 4140 suauis]
1119 4069 1206 4126 dulcis
1223 4069 1314 4126 EFH

163 4153 199 4206 23
225 4154 274 4206 ubi
300 4153 408 4209 facilins
436 4171 470 4208 ne
499 4153 535 4208 ad
561 4159 703 4226 peccatum
730 4159 854 4228 rapiatur
881 4175 956 4212 mens
984 4162 1077 4212 nostra
1105 4159 1258 4214 custoditur
1279 4160 1314 4213 Η

163 4243 198 4296 26
216 4243 340 4296 inuenire
360 4243 439 4297 deum
458 4261 512 4298 non
532 4245 618 4299 solnm
636 4246 667 4299 Ε
