3092 5000
584 1065 942 1164 PRAEFATIO.
1027 1073 1031 1079 ’

711 1262 816 1270 —-——

234 1329 347 1428 Uariis
371 1365 458 1428 uaria
481 1364 629 1429 Eucherii
653 1365 771 1447 scripta
798 1365 888 1430 nobis
917 1365 1034 1428 tradita
1062 1366 1137 1429 sunt
1162 1363 1337 1427 codicibus,

232 1470 282 1534 Ad
305 1470 440 1535 edendas
464 1470 631 1535 Formulas
656 1472 688 1534 ct
706 1469 937 1535 instructiones
960 1472 1086 1552 praesto
1111 1471 1187 1534 sunt
1212 1470 1337 1549 praeter

191 1576 267 1640 alios
283 1576 345 1642 duo
362 1577 487 1642 codices
502 1576 727 1659 pretiosissimi
742 1577 779 1641 de
800 1577 915 1660 quibus
936 1577 1115 1642 accuratius
1136 1577 1338 1657 disputemus

191 1701 317 1749 necesse
346 1689 405 1762 est,
431 1685 514 1766 quod
543 1703 651 1750 eorum
678 1684 870 1748 lectionibus
899 1703 960 1748 non
989 1684 1070 1748 duae
1099 1684 1228 1758 classes,
1260 1701 1338 1765 quas

190 1793 314 1868 uocant,
340 1792 396 1856 sed
420 1793 499 1856 duae
523 1791 723 1856 recensiones
751 1810 881 1872 prorsus
911 1791 1055 1856 diuersae
1083 1791 1228 1854 seruatae
1253 1792 1338 1855 sunt.

191 1896 259 1960 dico
298 1897 480 1962 codicem
520 1897 806 1962 Sessorianum
841 1899 1191 1961 membranaceum
1229 1915 1255 1960 s.
1294 1895 1339 1959 VI

189 2022 218 2065 n.
254 2004 305 2080 77,
340 2004 394 2086 qui
432 2025 515 2070 nunc
551 2005 584 2067 in
625 2004 820 2068 bibliotheca
861 2004 1004 2068 Romana
1046 2022 1125 2086 quae
1159 2023 1177 2066 a
1208 2003 1338 2068 Uictore

188 2109 394 2175 Emmanucle
417 2129 491 2196 rege
515 2129 629 2176 nomen
654 2109 741 2173 duxit
758 2110 930 2187 inuenitur,
946 2110 966 2173 S
981 2110 1089 2172 littera
1109 2108 1267 2191 signatus.
1288 2110 1338 2171 cst
1362 2101 1383 2167 S

190 2215 230 2276 25
260 2215 389 2281 centim.
418 2217 533 2300 longus
563 2219 594 2280 et
624 2217 697 2280 17·7
728 2215 855 2280 centim.
883 2215 970 2278 latus
1001 2214 1118 2278 litteris
1156 2214 1337 2277 uncialibus

189 2323 332 2384 exaratus
360 2322 510 2386 foliorum
530 2321 643 2389 CXIII.
668 2323 824 2403 scriptura
848 2322 997 2386 continua
1025 2324 1084 2385 est.
1113 2320 1237 2403 primus
1266 2340 1338 2383 eum

189 2425 357 2513 descripsit
383 2429 565 2493 Amatori
593 2427 802 2511 (Bibliotheca
828 2449 926 2492 mauu
952 2429 1071 2509 scripta
1095 2424 1283 2490 Sessorioua
1306 2427 1339 2491 in

192 2531 264 2597 Cod.
295 2533 377 2599 Sese.
408 2539 473 2598 589
496 2558 532 2617 p.
564 2538 641 2619 315)
672 2536 783 2600 deinde
815 2535 911 2620 Ang.
947 2536 1078 2600 Maius
1117 2534 1338 2617 (Spiciiepiura

187 2638 367 2705 Berconum
387 2641 422 2706 V.
431 2664 469 2723 p.
484 2646 568 2727 240)
589 2644 724 2725 denique
738 2644 899 2709 Ioannes
920 2642 1093 2709 Cardinalis
1112 2643 1220 2707 Pitra
1236 2642 1340 2726 (Aroc-

187 2745 262 2809 lecta
296 2746 398 2812 Socra
432 2747 595 2832 Spicidepio
633 2748 818 2813 Soiosrrrcnsi
848 2752 977 2829 parata.
1013 2748 1099 2813 Tem.
1133 2747 1181 2811 Π.
1220 2748 1339 2811 Patres

186 2853 405 2919 Auteuicoeai.
419 2854 516 2935 Tppis
527 2854 711 2918 Tusculanis
723 2852 797 2916 MD
803 2852 1052 2917 CCCLXXXI
1055 2854 1083 2917 V
1083 2874 1120 2935 p.
1132 2854 1338 2935 rar-575),

187 2958 241 3041 qui
261 2963 293 3024 et
312 2961 490 3044 exemplum
510 2981 604 3044 quam
619 2960 896 3025 accuratissimum
915 2958 1041 3025 adiecit.
1061 2959 1123 3044 (cf.
1143 2958 1186 3021 A.
1207 2958 1340 3039 Reiffer-

186 3066 299 3131 scheid.
324 3065 516 3131 Bibliotheca
538 3072 669 3147 parram
696 3066 750 3130 rat.
775 3066 885 3129 italica
907 3066 933 3129 I
944 3087 980 3147 p.
1005 3068 1197 3148 roc-142)
1223 3067 1278 3131 fol.
1305 3069 1338 3131 la

188 3174 388 3238 continentur
426 3174 487 3239 duo
526 3174 712 3251 summaria,
745 3193 879 3255 quorum
914 3174 1050 3237 alterum
1086 3193 1182 3236 manu
1220 3176 1340 3238 recenti

187 3280 343 3361 seriptum
377 3284 436 3360 est,
469 3282 604 3346 alterum
638 3300 663 3345 s.
695 3280 751 3357 XI,
784 3280 869 3361 quod
901 3280 1039 3362 hymnus
1073 3279 1103 3343 in
1137 3280 1339 3344 natiuitatem

188 3386 307 3449 domini
330 3386 490 3469 tChristus
514 3387 693 3468 redemptor
717 3386 869 3451 omnium'
893 3386 1047 3469 sequitur.
1081 3386 1163 3449 Tum
1186 3387 1339 3470 leguntur

186 3508 207 3575 r.
236 3506 267 3572 r
401 3496 501 3577 incr
526 3510 746 3577 croscum

403 3616 666 3683 consumam
689 3617 783 3682 nrur

400 3724 554 3789 uranu
578 3723 799 3789 scrnnnmn

401 3830 604 3896 nuonnrur
626 3817 696 3895 nir
719 3833 824 3913 (supr.
848 3831 923 3913 aa)
946 3831 1061 3895 nrnnr
1083 3831 1132 3895 rn

401 3936 526 4001 urana
550 3924 872 4003 sciendusrmr

402 4041 473 4121 our
496 4042 633 4109 canon
656 4042 823 4108 rncnnu

401 4149 506 4214 nron
529 4150 804 4215 neenuunnua

401 4254 654 4321 unsrurnnro
678 4256 804 4321 uniri
