3092 5000
617 402 836 482 Praefaffio.
1197 408 1305 472 XXHI

157 597 334 680 quodcum
360 617 396 662 eo
421 601 487 662 arte
512 596 702 662 coniunctus
727 601 778 662 est
810 598 917 676 codex,
943 618 1004 680 quo
1028 618 1108 663 usus
1133 598 1304 682 epistulam

154 703 284 768 Parisiis
309 725 336 769 a.
364 705 448 769 1578
474 704 574 768 edidit
593 703 756 769 Gilbertus
778 703 1001 770 Genebrardus
1024 707 1079 769 661
1100 707 1209 788 potins
1227 707 1304 771 Dio·

154 811 262 892 nysius
291 811 497 890 1666166166,
525 811 603 876 11661
630 813 726 894 paulo
755 808 868 876 rn'elior
894 811 1001 876 fuerit.
1027 832 1063 876 er
1085 813 1142 876 illa
1164 813 1304 878 editione

154 919 275 981 ceterae
300 917 455 1001 originem
480 917 645 981 duxerunt.

195 1024 326 1088 Librum
345 1045 441 1088 manu
461 1024 625 1106 scriptum,
644 1025 699 1106 qui
716 1025 879 1088 inuenitur
897 1025 929 1088 in
949 1026 1032 1090 clara
1050 1026 1127 1089 urbe
1146 1025 1303 1090 Grenoble

153 1133 231 1195 616.
257 1131 319 1194 XII
343 1131 544 1208 adscribitur,
568 1132 724 1214 inspicere
748 1132 889 1214 requini.
914 1130 969 1217 (cf.
998 1130 1163 1214 Cotcbpcc
1178 1138 1305 1214 9666661

153 1239 204 1301 des
236 1237 450 1318 bibliotheques
476 1239 642 1320 publiqucs
674 1240 727 1302 des
758 1239 994 1319 departemerrta
1020 1237 1057 1308 Τ.
1087 1239 1162 1305 VH.
1184 1261 1220 1321 p.
1246 1239 1302 1325 99)

195 1344 377 1409 Dolendnm
392 1347 451 1422 661,
467 1347 553 1428 qnod
567 1347 595 1410 R
609 1346 677 1410 solo
696 1346 902 1411 fundamento
917 1347 950 1410 in
969 1345 1107 1411 editione
1126 1347 1303 1411 adornanda

152 1451 199 1514 nti
223 1471 285 1515 non
313 1471 497 1534 possumne,
526 1472 719 1535 quamquam
755 1455 853 1518 altera
885 1453 1031 1518 codicum
1064 1454 1177 1519 classis
1200 1455 1302 1520 multo

150 1537 238 1639 peior
276 1561 333 1625 661.
376 1559 470 1624 ualde
511 1559 728 1624 desideramus
755 1561 792 1625 P.
818 1560 979 1625 codicem!
1014 1561 1167 1626 sermonis
1203 1561 1304 1642 igitur

150 1665 339 1728 Huclreriani
358 1666 606 1748 proprietatibus
627 1666 763 1750 cognitis
784 1667 872 1731 ducti
892 1685 986 1749 saepe
1004 1667 1175 1733 lectionem
1193 1687 1302 1732 ueram

152 1769 267 1853 eligere
292 1770 444 1836 debemus
467 1772 522 1836 nel
544 1771 652 1854 potius
676 1772 828 1837 diuinare.
1279 1782 1280 1785 ’

194 1877 387 1960 Appendiois
420 1879 490 1942 loco
523 1883 589 1943 1666
623 1879 779 1960 epistulae
802 1879 958 1944 Eucherio
983 1879 1075 1944 datae
1098 1899 1118 1944 a
1141 1880 1300 1959 Saluiano,

151 1983 284 2061 Hilario,
304 1984 436 2050 Rustico
456 1988 602 2068 receptae
627 1988 712 2065 sunt,
737 1986 813 2068 qnia
835 2005 945 2050 omnes
963 1986 996 2050 in
1015 1985 1200 2052 sessoriano
1225 1991 1301 2052 sunt

150 2089 284 2154 traditae
309 2094 341 2154 et
364 2092 425 2156 dno
449 2093 570 2174 priores
593 2093 626 2156 in
645 2093 682 2159 P.
707 2091 852 2158 Saluiani
875 2093 1014 2176 epistula
1031 2094 1082 2158 his
1101 2095 1298 2176 temporibus

152 2197 187 2259 ab
202 2197 331 2261 Halmio
348 2198 433 2262 edita
452 2201 503 2262 est
522 2198 744 2284 (Monumenta
759 2197 946 2264 Germaniae
965 2201 1127 2266 historica.
1141 2201 1298 2267 Auctores

151 2302 377 2384 antiquissimi.
396 2307 474 2370 tom.
494 2305 509 2368 Ι
527 2325 599 2387 pars
619 2306 704 2388 prior
721 2325 752 2387 p.
776 2305 852 2390 116)
872 2309 905 2369 61
919 2325 936 2369 a
950 2307 1082 2389 Panlyio
1101 2308 1134 2372 in
1154 2307 1297 2373 Saluiam

151 2408 288 2474 editione
322 2408 540 2494 (Vindobonae
571 2411 881 2477 MDCOOLXXXIII
903 2434 934 2496 p.
961 2415 1060 2495 216.).
1086 2417 1213 2499 excepto
1239 2434 1296 2481 co·

150 2517 235 2583 dice
259 2519 449 2585 Parisino
475 2520 583 2585 95559
608 2540 633 2585 s.
659 2521 843 2585 vll-vm
864 2521 903 2587 A.
928 2523 966 2585 ab
992 2522 1037 2586 616
1061 2522 1196 2587 adhibiti
1219 2526 1341 2590 suntA

14 2654 20 2669 ·
148 2624 221 2688 libri
244 2646 341 2690 mann
366 2626 477 2709 scripti
499 2628 684 2692 recentioris
710 2628 824 2693 aetatis
844 2625 907 2712 (Cf.
926 2628 1047 2693 Halmii
1065 2630 1163 2712 praef.
1182 2650 1213 2712 p.
1234 2630 1295 2694 VH

10 2774 13 2781 ·
149 2734 187 2795 et
222 2731 517 2815 Sitnungsberichte
542 2734 597 2798 der
619 2735 699 2799 lrais.
724 2735 824 2799 Akad.
847 2739 925 2801 torn.
949 2733 1084 2801 Xovssr
1106 2758 1136 2820 p.
1162 2739 1214 2817 37,
1239 2739 1295 2804 nbi

148 2838 249 2921 Pauly
280 2840 459 2904 accuratius
493 2841 531 2903 de
564 2841 614 2905 his
648 2840 811 2905 codicibus
843 2842 1011 2924 loquitur).
1045 2862 1124 2925 qnae
1154 2864 1227 2909 cnm
1249 2846 1296 2910 ita
1456 2818 1541 2848 's

139 2930 220 3023 6161,
235 2945 403 3026 praeterA
419 2949 540 3011 6616666
561 2948 753 3030 spernendos
774 2967 844 3012 esse
864 2948 991 3015 credidi.
1011 2950 1069 3013 has
1087 2952 1152 3015 tres
1171 2952 1294 3016 litteras

146 3050 223 3114 iuris
249 3052 372 3133 publici
394 3053 470 3117 fecit
492 3054 581 3118 Pitra
603 3075 633 3136 p.
660 3055 847 3121 sor-510.
873 3074 909 3120 ex
932 3055 1116 3121 Sessoriano
1139 3058 1203 3121 iam
1222 3060 1294 3123 Bal-

146 3157 237 3221 lerini
276 3159 448 3241 epistulam
487 3163 618 3225 alteram
657 3162 774 3227 collata
815 3162 953 3227 editione
996 3161 1161 3241 Quesnelli
1197 3167 1293 3231 etiam

147 3265 362 3330 emendarunt.
376 3264 401 3351 1)
416 3268 528 3331 tertiae
544 3269 699 3349 epistulae
720 3273 792 3333 ante
806 3270 925 3334 Pitram
939 3290 1021 3335 unns
1038 3274 1070 3334 61
1084 3273 1173 3335 66166
1193 3272 1295 3338 editor
1415 3305 1423 3317 ‹

147 3371 269 3435 exstitit
301 3373 435 3438 Iacobus
469 3373 656 3440 Sirmondns
691 3375 874 3441 corbeiensi
907 3377 1014 3441 codice
1043 3378 1185 3443 adhibito
1212 3379 1294 3443 16166

7 3556 9 3559 ¹
145 3480 235 3541 notas
261 3477 382 3543 Sidonii
406 3479 461 3543 lib.
486 3481 527 3546 ll.
549 3500 596 3561 ep.
616 3481 641 3545 I.
661 3482 745 3546 hnnc
764 3482 880 3546 librum
901 3485 1201 3561 666666166666661,
1222 3504 1292 3549 oum

146 3580 329 3665 diligentiae
348 3583 454 3649 Pitrae
473 3605 544 3649 meo
564 3587 633 3651 iure
653 3587 838 3652 diffiderem.
859 3589 943 3670 quod
963 3590 1031 3653 cod.
1050 3590 1151 3655 Paris.
1173 3592 1292 3673 12236,

146 3688 182 3753 de
207 3708 269 3771 qno
295 3708 391 3773 supra
413 3712 444 3773 p.
469 3692 528 3755 XV
552 3693 750 3775 disputatum
774 3697 833 3773 661,
857 3696 879 3760 1.
904 3698 1062 3760 65“-66·
1084 3700 1204 3762 nullam
1227 3720 1292 3765 me-

144 3799 268 3859 moratu
293 3796 421 3880 dignam
444 3800 574 3880 praebet
596 3800 777 3879 lectionem,
802 3802 869 3866 eins
892 3802 924 3865 in
954 3802 1154 3869 adnotatione
1183 3806 1293 3871 critica

144 3902 338 3967 mentionem
361 3924 422 3969 non
447 3906 519 3970 feci.
543 3907 696 3972 Rusticus
715 3909 815 3973 nobili
838 3929 952 3993 genere
976 3914 1069 3977 natus
1089 3932 1107 3975 a
1124 3912 1219 3978 fratre
1243 3917 1293 3979 est

146 4006 327 4073 educandus
359 4011 493 4075 Romam
526 4014 656 4085 missus.
690 4034 762 4079 oum
794 4016 934 4097 primum
962 4017 994 4081 in
1026 4018 1159 4101 patriam
1186 4020 1291 4100 rediit,

146 4115 371 4180 monachorum
403 4118 504 4183 uitam
537 4120 700 4202 professus
734 4122 902 4204 episcopus
926 4124 1140 4189 Narbonensis
1169 4128 1290 4192 electus

146 4222 203 4286 est.
227 4240 321 4303 quem
340 4242 524 4307 supremum
544 4227 627 4291 diem
648 4228 765 4293 obiisse
784 4232 900 4312 putant
918 4250 997 4295 anno
1016 4231 1290 4318 4621011166-

236 4340 726 4419 bfflffimffihpffissm
