3092 5000
251 418 315 483 124
544 416 570 469 S.
598 414 785 468 Eucherii
813 413 1092 484 Lugdunensis

248 612 342 677 modo
375 611 532 676 iudicabit
563 611 642 675 deus
672 611 840 687 muudum,
869 609 930 673 uisi
960 628 1086 675 summa
1113 608 1272 691 aequitate
1301 611 1395 690 atque

248 720 395 783 iustitia?
419 718 532 783 deinde
551 719 709 801 sequitur:
729 717 757 782 si
777 718 861 781 euim
880 717 999 781 ueritas
1019 717 1070 782 dei
1087 718 1119 781 iu
1138 736 1209 783 meo
1227 717 1392 783 mendacio

250 825 425 889 abundauit
445 826 477 889 iu
502 825 637 909 gloriam
659 824 773 907 ipsius.
799 827 831 887 et
849 824 909 888 hoc
927 824 973 887 ita
990 825 1148 906 proponit,
1168 829 1204 887 ut
1221 822 1397 889 refellentis

248 932 300 1009 sit,
332 951 393 995 nou
426 931 640 1015 adprobantis,
676 930 751 1013 quia
783 931 811 994 si
844 930 962 995 ueritas
993 930 1043 994 dei
1071 930 1232 995 mendacio
1257 930 1397 994 hominis
1531 994 1533 1019 Ε

245 1038 394 1122 indiguit,
417 1058 474 1103 nec
496 1040 644 1120 peccator
663 1040 827 1119 tamquam
849 1040 997 1120 peccator
1020 1036 1222 1117 iudicabitur,
1245 1041 1279 1103 et
1301 1057 1383 1121 quae
1428 1057 1441 1100 u

247 1145 469 1227 blasphemant
504 1145 537 1209 iu
574 1146 736 1228 apostolos
769 1162 847 1209 uera
878 1143 1081 1208 uidebuntur.
1120 1164 1194 1228 ergo
1228 1144 1306 1228 quid
1337 1146 1396 1222 est,

248 1250 333 1333 quod
356 1250 457 1314 dicit?
481 1254 514 1313 et
532 1250 560 1314 si
580 1268 616 1314 ex
639 1250 861 1331 conparatione
883 1248 1060 1314 iuiust'tiae
1082 1250 1208 1314 iustitia
1229 1251 1394 1327 clarescat,

248 1376 310 1421 nou
341 1356 413 1422 idco
446 1361 551 1420 tamen
584 1358 679 1421 homo
711 1356 853 1420 iniustus
882 1374 953 1420 esse
982 1356 1094 1435 debet,
1119 1360 1156 1420 ut
1183 1356 1261 1421 deus
1288 1357 1397 1421 iustus

248 1463 406 1546 adpareat.
430 1462 591 1527 damuatio
621 1481 730 1526 eorum
756 1462 844 1526 iusta
875 1465 925 1527 est
956 1463 1011 1544 qui
1038 1482 1096 1527 uos
1124 1462 1202 1529 haec
1230 1464 1399 1527 adfirmant

248 1568 364 1633 dicere.
392 1569 468 1650 quid
497 1569 625 1633 dicere?
657 1568 811 1634 faciamus
838 1569 933 1647 mala,
962 1572 1000 1632 ut
1027 1569 1158 1633 ueniant
1184 1569 1276 1635 bona.
1305 1572 1441 1652 puta-10

248 1675 365 1739 bantur
385 1679 493 1739 autem
517 1676 655 1757 apostoli
681 1674 771 1738 istud
799 1674 904 1741 dicere
933 1675 1017 1759 apud
1040 1694 1094 1740 eos
1120 1675 1173 1758 qui
1197 1677 1279 1740 male
1302 1676 1399 1740 iuter·

248 1782 454 1863 pretabautur
467 1781 588 1846 dictum
607 1782 830 1865 apostolieum,
846 1781 926 1846 illud
946 1783 1074 1865 utique:
1099 1783 1163 1847 ubi
1185 1781 1400 1847 abundauit

249 1890 473 1970 peccatum,
498 1888 853 1970 superabundauit
876 1888 1020 1973 gratia.

293 1994 336 2060 ll.
355 1993 439 2075 Quid
456 1995 539 2059 illud
557 1999 616 2071 est,
638 1994 723 2078 quod
739 1995 896 2079 legimus:
917 1999 954 2059 at
972 1995 1071 2077 quid
1090 1994 1191 2060 enim
1208 1996 1399 2074 Christus,

250 2121 337 2167 cum
360 2102 490 2167 adhuc
511 2102 669 2165 infirmi
693 2120 887 2178 essemus,
908 2102 1129 2167 secundum
1147 2107 1309 2184 tempus
1329 2122 1399 2185 pro
1416 2130 1440 2170 ιδ

249 2209 391 2291 impiis
415 2212 600 2274 mortuus
624 2211 711 2272 est?
733 2209 800 2272 uir
819 2208 922 2273 euim
941 2227 1011 2292 pro
1029 2209 1142 2274 iusto
1167 2210 1260 2292 quis
1284 2209 1399 2274 mori-

249 2317 324 2381 tur.
348 2335 434 2379 nam
457 2335 526 2399 pro
550 2315 652 2380 bono
676 2316 867 2380 forsitam
891 2316 980 2397 quis
1005 2315 1153 2381 audeat
1175 2316 1299 2380 mori?

292 2422 363 2487 Hoc
386 2425 446 2498 est,
470 2422 557 2506 quod
579 2422 652 2485 uult
674 2422 836 2505 intellegi:
864 2421 919 2485 ille
946 2441 1003 2506 pro
1029 2421 1138 2506 impiis
1166 2424 1313 2487 mortuus
1340 2425 1399 2502 est,

250 2548 323 2594 cum
349 2529 403 2593 uir
431 2528 600 2612 quisquam
628 2528 804 2612 reperiatur
831 2529 911 2593 mori
935 2529 1020 2593 uelle
1044 2549 1099 2614 pro
1123 2529 1220 2596 iusto.
1245 2550 1319 2594 nam
1343 2550 1399 2612 pro

248 2636 342 2714 bono,
365 2634 400 2699 id
423 2639 473 2700 cst
496 2635 633 2716 Christo,
660 2636 804 2700 forsitam
833 2635 947 2718 aliquis
970 2636 1052 2700 mori
1076 2635 1201 2712 audeat,
1225 2636 1278 2700 hic
1302 2638 1439 2701 etiamne

250 2742 288 2806 de
317 2761 351 2805 se
378 2743 555 2806 uerecunde
578 2743 732 2820 iudicans,
761 2742 846 2824 quod
873 2761 928 2825 pro
955 2742 1081 2808 Christo
1110 2743 1191 2807 mori
1218 2743 1332 2828 possit.
1367 2745 1400 2807 et

251 2847 360 2911 aliter:
384 2848 438 2912 uix
461 2848 545 2912 euim
569 2868 625 2932 pro
648 2849 734 2914 iusto
759 2849 830 2931 quis
854 2848 998 2914 moritur.
1022 2849 1055 2913 in
1074 2849 1177 2914 ueteri
1195 2850 1265 2933 lege
1284 2849 1318 2913 in
1338 2869 1400 2931 qua

250 2955 301 3018 est
331 2973 387 3036 pro
419 2955 639 3020 mandatorum
681 2955 852 3020 seueritate
883 2955 1009 3020 iustitia
1031 2955 1084 3019 uir
1115 2956 1210 3038 pauci
1241 2960 1398 3040 martyres

250 3064 326 3125 suut
356 3061 482 3144 reperti,
515 3062 548 3125 iu
580 3081 663 3126 nouo
698 3064 806 3156 autem
837 3063 1051 3127 instrumento
1083 3061 1116 3125 iu
1154 3081 1215 3144 quo
1255 3065 1305 3127 est
1341 3081 1398 3146 pro

249 3167 368 3251 pietate
386 3171 625 3251 praeceptorum
642 3169 768 3233 bouitas
787 3169 1032 3233 innumerabiles
1047 3171 1200 3252 martyres
1217 3169 1398 3237 extiterunt.
1416 3191 1440 3230 a

293 3273 351 3338 Ill.
384 3274 560 3356 Apostolus
593 3274 672 3340 dicit
703 3275 742 3339 de
776 3275 834 3339 deo
866 3277 972 3359 patre:
1007 3274 1075 3339 sed
1107 3293 1175 3358 pro
1209 3275 1398 3340 omuibus

251 3380 367 3445 uobis
386 3380 562 3446 tradidit
579 3382 708 3459 illum,
722 3381 756 3445 id
771 3381 951 3452 estfiliumz
973 3381 1048 3463 quid
1075 3380 1107 3444 iu
1136 3381 1196 3446 hoe
1216 3379 1398 3464 significati

341 3552 374 3607 12
392 3555 469 3608 Rom.
489 3557 515 3619 5,
534 3557 569 3611 20
625 3557 658 3610 14
676 3555 714 3611 ib.
733 3556 759 3618 5,
780 3557 847 3610 6-7
905 3557 939 3611 26
958 3556 995 3610 ib.
1013 3557 1039 3620 8,
1059 3557 1094 3609 32

288 3684 300 3737 l
316 3686 484 3754 aequitatem
498 3685 525 3740 P
542 3691 579 3752 (m
598 3692 681 3755 erac.)
737 3688 754 3740 3
773 3654 924 3742 abundabit
938 3690 1019 3768 (corr.
1034 3705 1068 3742 m.
1084 3691 1126 3757 2.)
1137 3689 1165 3742 P
1178 3688 1330 3742 abundabit
1342 3689 1399 3742 AV

250 3801 411 3871 proponitur
429 3802 486 3855 AV
558 3806 589 3855 ut
608 3820 659 3858 om.
679 3806 706 3856 A
764 3769 984 3874 4adprobautds
1002 3804 1030 3856 P
1048 3807 1230 3872 (eorr.m.2.)
1291 3806 1396 3858 ttam-

251 3905 332 3958 quam
350 3893 477 3958 peccator
495 3892 597 3995 oru.A¹
666 3892 929 3962 6blasphemabant
948 3893 1005 3948 AV
1085 3893 1221 3964 quidest]
1242 3893 1350 3964 quidem
1369 3894 1398 3946 A

251 4005 268 4058 8
287 4007 318 4057 ut
336 4021 388 4059 om.
407 4006 466 4059 AV
535 4009 552 4060 9
571 4007 716 4063 adfirmant
734 4012 814 4077 [corr.
834 4027 868 4062 m.
883 4009 923 4078 2.)
939 4010 967 4062 P
1021 4009 1054 4064 10
1075 4010 1140 4080 quid
1164 4008 1252 4064 dicere
1271 4025 1321 4064 om.
1340 4009 1400 4062 AV

251 4086 401 4190 putabdtur
418 4121 447 4174 P
535 4123 566 4176 ll
588 4124 727 4193 apostolus
746 4126 773 4178 A
864 4128 931 4196 aput
949 4125 976 4178 P
1066 4125 1099 4179 13
1118 4125 1351 4196 superabundabit
1373 4125 1401 4178 V

253 4210 286 4263 19
304 4211 473 4279 repperiatur
490 4212 518 4264 P
536 4212 669 4280 (primum
687 4232 703 4284 p
724 4215 775 4268 del.
789 4233 823 4268 m.
839 4215 877 4283 2.)
896 4216 1067 4286 repperiatur
1085 4219 1111 4268 A
1202 4215 1234 4269 21
1258 4233 1287 4269 se
1309 4231 1397 4284 supra

252 4325 300 4379 liu.
319 4325 347 4378 P
400 4327 435 4378 22
454 4329 546 4381 uetere
570 4327 596 4380 V
647 4330 683 4382 24
701 4296 801 4382 nouoP
855 4331 888 4384 25
908 4330 1034 4401 plsietute
1054 4333 1081 4384 P
