3092 5000
511 358 828 413 instructionum
856 359 921 413 lib.
953 360 976 414 1.
1230 365 1292 427 125

192 554 341 632 Tradidit,
366 554 529 619 traditioni
552 554 728 637 adquieuit.
753 555 785 619 in
806 555 903 619 sacris
923 574 1058 639 namque
1076 555 1167 621 libris
1190 556 1293 621 facero

150 661 303 726 interdum
332 661 411 725 deus
440 660 555 725 dicitur
581 661 613 726 in
642 661 758 743 quibus
792 660 945 727 faciendis
978 662 1105 729 uidetur
1132 666 1292 745 praestare

150 768 340 852 patientiam.
369 768 432 833 alia
460 768 577 852 quippe
605 771 681 833 suut
708 789 789 851 quae
817 769 885 834 fieri
913 770 990 835 deus
1020 772 1101 845 uult,
1126 770 1189 835 alia
1212 788 1292 853 quae

148 876 212 940 fieri
234 875 321 939 sinit.
345 876 418 939 uult
440 894 515 959 crgo
539 875 606 941 lieri
629 894 710 958 quae
733 876 818 941 lacto
844 881 973 959 apparet
997 897 1068 943 esso
1092 877 1234 942 meliora.
1260 877 1292 940 at
1378 948 1380 954 ¹

119 1002 218 1048 suero
247 982 404 1047 deteriora
430 983 597 1065 permittit,
626 986 663 1047 ut
691 983 822 1047 libertas
856 984 986 1049 humani
1020 987 1143 1049 constet
1171 982 1292 1063 arbitrii

147 1090 177 1153 in
213 1109 276 1171 qua
311 1089 433 1154 arbitrii
469 1090 617 1153 libertate
653 1090 808 1155 bonorum
846 1089 1043 1153 malorumue
1081 1089 1292 1154 sectatoribus

25 1245 26 1258 ,
147 1194 250 1260 diuino
275 1195 394 1259 iudicio
419 1196 605 1261 exhibeatur
627 1196 795 1261 retributio
819 1196 903 1259 iusta
925 1195 1120 1263 meritorum.

188 1303 261 1368 llll.
286 1304 323 1367 ln
346 1304 406 1367 bac
429 1303 540 1367 cadem
563 1304 703 1386 epistula
725 1302 802 1385 quid
825 1302 1073 1387 intellegendum
1094 1306 1144 1367 est
1162 1302 1201 1367 de
1220 1302 1290 1378 hoc,

148 1408 228 1491 quod
251 1408 406 1493 legimus:
440 1408 530 1491 quis
555 1408 772 1473 accusabit
796 1410 954 1473 electos
979 1408 1066 1473 dei?
1099 1409 1198 1473 deus
1223 1408 1291 1489 qui
1340 1441 1342 1450 v

109 1515 369 1580 oiustifieac.
395 1517 486 1598 quis
510 1518 573 1580 est
591 1514 659 1597 qui
678 1514 942 1580 condemnet?
967 1514 1291 1581 Christuslesus

23 1629 24 1658 ³
148 1622 213 1705 qui
240 1626 426 1687 mortuus
455 1624 528 1691 est.
556 1622 673 1687 immo
704 1622 772 1704 qui
800 1622 1038 1698 resurrexit,
1069 1622 1136 1703 qui
1160 1624 1223 1687 est
1247 1620 1291 1685 ad

148 1732 349 1795 dexteram
373 1729 447 1806 dei,
472 1731 540 1813 qui
564 1729 687 1795 etiam
710 1729 958 1810 interpellat
980 1748 1050 1811 pro
1074 1728 1201 1795 nobis.

188 1836 326 1901 Haecin
346 1837 463 1919 quibus
487 1836 550 1901 sibi
572 1836 640 1921 ipse
664 1835 828 1919 respoudit
851 1834 942 1917 quasi
965 1831 1124 1919 εἰρωνικῶς
1147 1834 1290 1919 legenda.

22 1985 23 1992 ι
147 1948 177 2007 et
213 1945 263 2006 est
299 1962 413 2008 sensus
449 1944 527 2009 iste:
566 1942 629 2007 nisi
661 1942 741 2007 forte
774 1943 893 2007 electos
928 1961 1003 2006 suos
1037 1944 1093 2005 aut
1125 1942 1204 2006 deus
1237 1941 1291 2023 qui

107 2072 130 2111 n
145 2050 298 2114 iustificat
320 2052 377 2113 aut
399 2048 546 2114 Christus
575 2050 630 2131 qui
657 2069 713 2131 pro
737 2049 787 2113 his
813 2053 862 2113 est
885 2052 1029 2113 mortuus
1054 2048 1290 2123 condemnabit

145 2156 273 2220 minime
295 2155 406 2237 utique
430 2155 485 2236 qui
508 2154 605 2219 etiam
628 2155 809 2238 interpellat
832 2174 886 2237 pro
910 2154 1012 2219 nobis.
1046 2154 1106 2217 hoc
1131 2158 1181 2217 est
1205 2172 1289 2237 ergo,

21 2251 22 2260 ³
147 2261 230 2344 quod
253 2260 347 2324 dicit:
370 2278 462 2325 nemo
488 2260 710 2341 condemnabit
732 2262 863 2324 electos.

189 2369 227 2432 V.
252 2364 335 2446 Quid
359 2366 560 2431 sentiendum
579 2370 629 2431 est
646 2368 717 2432 loco
736 2366 846 2431 hocin
867 2386 928 2449 quo
949 2367 1113 2449 apostolus
1132 2366 1289 2448 loquitur:

147 2474 331 2558 optabam
363 2475 466 2540 euim
500 2493 570 2558 ego
604 2474 692 2557 ipse
726 2476 939 2540 anathema
969 2492 1058 2538 esse
1083 2492 1100 2537 a
1125 2473 1288 2540 Christo

20 2618 21 2623 κ
106 2600 212 2664 apro
235 2581 438 2646 fratribus
457 2581 557 2646 meis
577 2582 645 2663 qui
664 2587 760 2647 sunt
779 2581 945 2666 cognati
968 2581 1044 2645 mei
1069 2580 1289 2644 secundum

20 2676 21 2681 ¹
147 2707 313 2768 carnem,
338 2691 370 2752 et
392 2688 539 2771 reliqua?

187 2795 365 2859 Anatbema
382 2794 551 2871 interdum,
571 2798 608 2859 ut
626 2800 658 2859 et
676 2795 738 2872 bic,
759 2795 951 2860 occisionem
974 2794 1289 2876 interfectionemque

147 2902 311 2985 significat.
345 2920 419 2985 ergo
452 2892 505 2966 bic
537 2903 702 2984 apostolus
733 2902 835 2984 perire
869 2904 957 2984 optat
989 2901 1020 2965 in
1050 2920 1152 2978 carue,
1176 2904 1213 2964 ut
1236 2899 1290 2963 alii

146 3009 310 3072 calcentur
336 3007 368 3071 in
397 3008 523 3091 spiritu.
548 3011 582 3072 et
604 3008 711 3072 aliter:
743 3008 791 3071 ita
813 3008 866 3071 hio
894 3009 1059 3090 apostolus
1084 3007 1149 3070 nim
1175 3006 1289 3070 nimiae

104 3135 129 3174 2⁵
147 3115 285 3180 caritatis
309 3116 466 3198 expressit
487 3117 648 3198 exoptans,
668 3115 697 3180 si
715 3115 784 3180 fieri
806 3115 920 3198 possit,
941 3133 959 3178 a
979 3114 1104 3180 Christo
1124 3113 1291 3178 anathema

147 3240 214 3284 esse
241 3240 297 3304 pro
325 3221 487 3297 fratribus,
515 3220 600 3285 sicut
628 3224 660 3284 et
682 3221 790 3286 Moses
820 3220 874 3304 qui
903 3239 977 3284 cum
1004 3239 1060 3302 pro
1088 3220 1206 3302 populo
1230 3237 1288 3283 suo

145 3325 239 3390 deum
256 3328 378 3409 peteret
396 3326 457 3391 ait:
482 3329 520 3391 et
537 3345 649 3402 nuuc,
671 3326 838 3405 domiue,
860 3325 893 3389 si
919 3325 1081 3408 quidem
1101 3325 1288 3390 dimittes

144 3432 234 3496 illis
256 3436 426 3515 peccata
448 3433 627 3511 illorum,
652 3433 834 3507 dimitte;
860 3433 921 3496 sin
945 3435 1090 3509 autem
1116 3431 1287 3495 deleme
1386 3511 1392 3522 ¹

146 3538 188 3601 de
211 3537 319 3602 libro
344 3541 412 3604 tuo
437 3557 552 3621 quom
576 3538 802 3620 scripsisti.

231 3729 248 3782 9
267 3728 344 3782 Rom.
364 3727 391 3791 8,
409 3727 517 3782 33-34
572 3729 604 3782 19
623 3729 659 3782 ib.
680 3729 705 3792 9,
725 3729 742 3782 3
797 3727 831 3782 27
850 3728 898 3782 Ex.
918 3727 961 3796 32,
980 3727 1013 3783 31
1034 3745 1074 3798 sq.

178 3825 306 3915 babitrii
325 3862 353 3915 P
424 3862 585 3917 Verbibeat
608 3863 634 3916 V
704 3862 738 3916 12
757 3862 879 3916 deteram
898 3861 926 3914 P
997 3861 1031 3916 13
1049 3827 1189 3932 respondit
1209 3864 1289 3930 (corr.

143 3949 274 4018 m.2.)P
333 3950 735 4006 bironicostironicusAV
785 3951 820 4004 14
833 3953 881 4004 aut
894 3966 945 4004 om.
961 3949 1021 4005 AV
1069 3951 1102 4004 16
1115 3949 1291 4022 milluimeP

145 4065 176 4118 17
195 4065 358 4120 condemnet
379 4065 406 4121 V
493 4067 606 4173 61166166
623 4067 652 4120 P
741 4067 774 4122 18
799 4068 842 4122 est
863 4065 932 4120 illud
955 4066 1014 4120 AV
1102 4067 1136 4120 19
1161 4022 1289 4137 61161616

143 4183 223 4248 (corr.
243 4197 278 4234 m,
294 4182 373 4249 2.)P
462 4188 589 4237 anatema
606 4183 634 4236 P
705 4183 740 4236 22
759 4182 929 4236 occasionem
947 4181 1005 4236 AV
1075 4182 1111 4236 24
1134 4183 1174 4236 ita
1193 4197 1245 4238 om.
1263 4183 1290 4236 P

143 4268 177 4322 25
196 4268 233 4338 ai]
252 4285 281 4323 se
305 4269 332 4323 V
383 4271 417 4326 27
436 4275 575 4341 praeteret
597 4271 624 4324 V
675 4271 709 4326 28
729 4287 822 4326 eorum
846 4270 872 4323 V
